2999 3808
1457 118 1510 150 v1

187 206 422 266 tasse27)
455 205 724 252 secundam
766 206 819 252 in·
859 205 1076 266 Serapeo
1119 203 1516 271 adiecit'magno
1543 206 1790 254 librorum
1820 214 2059 269 apparatu
2079 205 2316 267 Athenis,
2364 207 2535 257 Rhodi
2578 208 2785 272 aliisque

193 273 316 319 locis
350 282 521 334 empto
547 282 597 319 et
631 275 950 317 coacervato²
963 274 1024 329 ⁸).
1095 271 1458 321 Bibliothecam
1486 273 1547 319 ab
1580 273 1909 336 Philadelpho
1932 272 2181 320 conditam
2204 283 2406 319 narrant
2422 285 2617 323 veteres
2645 276 2786 324 chro-

189 340 362 403 nologi
386 339 497 398 alii,
532 338 688 384 veluti
719 338 980 399 Syncellus
999 338 1093 397 ²⁹)
1132 347 1181 383 et
1206 338 1366 383 Iulius
1384 340 1646 385 Africanus
1666 341 1754 399 ³0)
1789 338 2322 403 Olympiadem,
2355 339 2463 399 alii,
2509 343 2666 389 veluti
2690 343 2785 388 Eu-

192 406 498 467 tropiusss)
550 404 754 464 quidam
805 405 1062 470 trigesimo
1109 413 1375 467 postquam
1418 421 1636 471 regnum
1668 407 1877 470 adeptus
1925 415 2052 453 esset
2085 421 2242 466 anno,
2316 404 2404 466 qui
2446 409 2644 470 utrique
2682 424 2788 455 non

187 487 363 518 secum
407 481 658 535 pugnant,
724 488 840 518 nam
891 487 1007 518 cum
1053 472 1371 518 Ptolemaeus
1414 473 1606 535 primus
1660 488 1790 519 anno
1846 474 2003 520 altero
2068 483 2296 519 mortuus
2355 472 2419 517 sit
2472 472 2550 517 Ol.
2606 476 2786 536 e‘xffnv,

186 539 337 601 eique
374 538 541 584 statim
588 539 881 585 successerit
915 537 1270 601 Philadelphus
1310 538 1468 600 filius,
1523 555 1676 603 quem
1720 549 1864 603 pater
1891 540 1994 587 iam
2036 541 2204 587 vivens
2237 540 2292 586 in
2319 538 2463 603 regni
2497 540 2789 588 societatem

187 607 481 665 adsciverat,
537 606 822 671 trigesimus
860 607 1012 654 huius
1044 606 1172 671 regis
1201 622 1361 654 annus
1404 607 1541 654 idem
1587 617 1693 654 erat
1733 608 1925 670 primus
1964 607 2276 672 Olympiadis
2308 605 2503 656 ὄὶῖἶὶῖιῖ.
2583 606 2791 655 Faciunt

190 689 304 720 cum
366 673 444 718 his
496 674 648 719 etiarn
700 674 887 720 Strabo
919 675 1007 734 ³²)
1087 683 1140 719 et
1197 674 1580 735 Aelz‘anus³³)‚
1658 674 1745 736 qui
1787 684 1995 738 propter
2056 675 2485 740 ingravescentem
2548 672 2791 723 valetudi-

190 756 309 797 nem
379 740 643 785 litterarias
688 740 1049 787 oblectationes
1102 740 1162 786 ab
1225 741 1553 803 Philadelpho
1604 741 1845 803 expetitas
1906 757 2013 788 esse
2068 743 2265 801 volunt,
2329 749 2584 802 correptus
2651 739 2788 784 enim

192 807 369 853 morbo
394 822 482 851 rex
505 818 607 851 erat
630 816 852 852 extrema
876 808 1083 852 demum
1100 817 1262 852 aetate
1280 822 1489 869 corpore
1507 808 1846 868 voluptatibus
1860 818 2172 869 consumpto.
2190 837 2256 847 -
2288 807 2364 853 Ad
2388 806 2603 853 eundem
2626 804 2791 850 Phila-

190 873 448 935 delphum,
467 870 758 938 αὐτογράφων
791 873 1222 931 studiosissimum,
1254 874 1465 918 arbitror
1499 873 1719 931 fabulam
1746 873 2060 919 referendam
2089 889 2198 920 esse
2238 875 2298 920 ab
2331 872 2622 931 Galenou)
2657 885 2793 917 com-

191 949 545 996 memoratam,
581 950 747 985 narrat
785 939 920 984 enim
959 939 1019 984 ab
1060 939 1448 986 Atheniensibus
1479 939 1777 1001 interposito
1813 939 2025 1003 pignore
2060 940 2140 990 ἳῗν
2174 941 2480 987 talentorum
2513 938 2788 1001 Sophoclis,

193 1005 440 1068 Euripidis
463 1015 513 1051 et
542 1004 778 1066 Aeschyli
796 1005 949 1058 libros
969 1020 1142 1070 regem
1161 1005 1409 1068 accepisse
1444 1021 1500 1052 ea
1524 1005 1662 1070 lege,
1699 1015 1757 1052 ut
1789 1005 2000 1052 describi
2022 1016 2241 1066 curaret,
2277 1006 2393 1053 dein
2425 1006 2583 1052 salvos
2615 1004 2791 1051 redde-

192 1083 293 1130 ret,
327 1081 555 1133 acceptos
576 1072 777 1117 iussisse
800 1073 854 1117 in
882 1072 1083 1133 optimis
1116 1072 1297 1117 chartis
1318 1073 1713 1133 splendidissime
1736 1072 1970 1131 describi3
2005 1082 2114 1118 turn
2140 1074 2407 1133 archetypa
2436 1074 2495 1118 ab
2519 1072 2789 1118 Athenien-

192 1139 325 1185 sibus
363 1138 513 1183 missa
550 1138 842 1197 retinuisse,
895 1139 956 1184 ab
996 1154 1049 1184 se
1100 1148 1267 1184 curata
1305 1139 1534 1201 exempla
1574 1138 1822 1185 remisisse
1849 1148 2137 1204 rogantem,
2171 1147 2229 1185 ut
2267 1148 2317 1184 et
2350 1136 2426 1188 Ξὶῦ
2459 1139 2647 1184 talenta
2669 1138 2787 1183 reti-

144 1226 146 1229 ·
194 1215 376 1250 nerent
412 1216 462 1250 et
498 1221 590 1266 pro
626 1205 904 1263 veteribus,
961 1220 1086 1266 quos
1123 1205 1399 1264 dedissent,
1456 1221 1611 1252 novos
1648 1206 1802 1252 libros
1843 1206 2136 1267 acciperent.
2203 1205 2474 1251 Verissime
2518 1216 2689 1250 autem
2727 1205 2789 1248 ab

196 1274 327 1331 Aug.
362 1271 713 1331 Boeckhiov)
760 1280 811 1317 et
854 1272 1186 1333 Grysar0³6)
1237 1272 1514 1332 monitum,
1573 1288 1678 1319 non
1718 1272 1826 1334 ipsa
1860 1272 2063 1319 illorum
2102 1274 2367 1334 po'e‘tarum
2401 1271 2670 1333 archetypa
2702 1270 2790 1316 sed

196 1338 321 1385 illud
374 1338 666 1400 exemplum
708 1338 762 1401 in
806 1338 1193 1386 Alexandrinam
1239 1338 1598 1386 bibliothecam
1645 1338 1995 1386 transmissum
2034 1339 2220 1400 videri,
2282 1338 2415 1400 quod
2468 1354 2529 1385 ex
2572 1337 2791 1402 Lycurgi

197 1405 309 1469 lege
338 1405 540 1467 publice
574 1405 782 1457 Athenis
816 1406 1101 1452 confectum
1134 1406 1189 1452 in
1219 1406 1461 1452 tabulario
1492 1407 1554 1452 ab
1584 1406 1742 1452 scriba
1773 1406 1908 1451 urbis
1943 1415 2194 1452 servatum
2229 1415 2382 1465 esset,
2418 1405 2552 1466 quod
2586 1403 2792 1465 quidem

199 1472 490 1535 exemplum
530 1472 740 1518 fortasse
778 1488 881 1518 non
925 1472 1043 1517 alias
1077 1472 1268 1518 fabulas
1310 1472 1717 1534 comprehendit,
1770 1488 1922 1533 quam
1952 1488 2073 1533 quas
2105 1473 2311 1518 Athenis
2343 1472 2461 1534 ipsis
2490 1481 2674 1533 poetae
2704 1470 2790 1516 do-

199 1637 368 1670 servos,
406 1624 450 1663 in
482 1623 658 1663 libertos
676 1621 842 1663 deferri
864 1622 1037 1662 solitum
1059 1622 1137 1670 sit;
1173 1621 1338 1663 scilicet
1359 1636 1503 1677 neque
1525 1621 1824 1676 grammatici,
1850 1637 1992 1678 neque
2017 1623 2163 1664 liberti
2184 1621 2379 1663 Caesaris
2398 1622 2580 1677 Augusti
2603 1620 2795 1661 abiectae

198 1688 298 1716 suut
323 1677 584 1717 conditionis
605 1687 648 1717 et
666 1675 783 1715 aliud
807 1685 870 1716 est
890 1674 1175 1716 bibliothecae
1194 1688 1416 1728 praeesse,
1443 1674 1561 1715 aliud
1581 1688 1606 1715 a
1629 1688 1758 1715 manu
1782 1690 1899 1724 esse·,
1943 1677 2214 1717 Demetrium
2238 1687 2383 1716 autem
2408 1689 2493 1715 non
2515 1673 2794 1714 abhorruisse

196 1731 250 1768 ab
273 1729 657 1782 grammaticorum
680 1728 925 1770 eruditione
944 1727 1078 1769 index
1096 1726 1310 1769 librorum
1337 1728 1428 1769 eius
1448 1728 1605 1783 probat
1631 1728 1731 1782 (ap.
1754 1727 1929 1782 Diogen.
1952 1729 2093 1771 Lam.
2122 1729 2172 1776 V,
2189 1732 2253 1773 80.
2274 1730 2414 1782 sqq.),
2438 1728 2482 1767 in
2506 1735 2590 1780 q'uo
2614 1737 2791 1780 praeter

196 1783 416 1823 rhetorica
439 1793 479 1823 et
500 1781 797 1837 philosophica
819 1795 953 1835 opera
966 1792 1367 1821 commemorantur
1384 1782 1515 1822 etiam
1539 1781 1735 1822 historici
1756 1783 2057 1824 commentarii
2080 1793 2121 1823 et
2144 1784 2186 1821 in
2212 1781 2331 1821 iliad.
2352 1792 2394 1821 et
2410 1781 2563 1833 Odyss.
2586 1780 2681 1819 libri
2700 1794 2791 1820 sex.

198 1836 483 1889 Negatetiam
505 1846 731 1875 accuratae
752 1835 976 1873 doetrinae
1000 1833 1069 1873 vir
1092 1833 1356 1885 Weichertus,
1383 1845 1477 1873 tum
1495 1848 1518 1872 a
1538 1835 1779 1874 Ptolemaeo
1800 1836 1831 1874 1.
1852 1836 2153 1875 bibliothecam
2173 1835 2391 1882 conditam
2410 1844 2501 1872 tum
2515 1833 2789 1872 Demetrium

201 1887 241 1928 ei
273 1887 528 1942 praefuisse,
560 1900 600 1928 et
635 1886 906 1928 Zenodotum
945 1887 1037 1927 vult
1068 1886 1263 1941 primum
1305 1900 1329 1926 a
1374 1886 1634 1927 bibliotheca
1677 1885 1833 1936 fuisse,
1886 1888 1973 1940 (de
2000 1889 2196 1941 Apollon.
2227 1886 2370 1927 Rhod.
2397 1886 2468 1927 vit.
2497 1895 2539 1926 et
2566 1885 2790 1927 carminib.

200 1955 243 1994 p.
281 1945 343 1983 11.
385 1942 529 1994 sqq),
551 1971 553 1974 .
598 1941 673 1981 sed
702 1949 983 1994 argumenta,
1039 1939 1157 1993 quod
1199 1940 1355 1991 sciam,
1411 1953 1498 1979 non
1544 1939 1701 1978 attulit.
1747 1963 1799 1974 —
1937 1945 2017 1993 ²⁷)
2067 1942 2166 1979 Eam
2207 1949 2372 1979 constat
2410 1948 2510 1978 ante
2555 1939 2783 1978 Caesarem

198 1994 389 2034 extitisse
406 2024 417 2043 ,
441 2008 525 2047 quo
547 2004 745 2046 tempore
765 1993 939 2032 condita
958 1993 1012 2032 sit
1027 2005 1114 2032 non
1131 2002 1321 2041 constatg
1347 1991 1424 2033 sed
1449 2002 1496 2032 ut
1515 1992 1601 2033 iam
1618 1991 1663 2032 in
1676 1991 2226 2045 Ptolemaeumsecundum
2253 2005 2346 2033 eam
2369 1990 2578 2031 referrem
2601 1991 2791 2041 laudem,

198 2048 336 2086 movit
366 2061 436 2086 me
470 2060 516 2084 ar
551 2057 773 2086 umentum
798 2059 899 2085 sane
928 2044 1169 2093 levidense,
1210 2045 1329 2100 quod
1349 2044 1576 2084 Athenaeus
1595 2046 1645 2092 V,
1682 2048 1773 2089 203.
1793 2061 1828 2088 e.
1849 2047 1977 2088 huius
1998 2046 2112 2101 regis
2136 2048 2511 2101 βιβλιοθηκῶν
2537 2044 2790 2100 κατασκευὴν

197 2100 350 2150 iactat,
389 2100 506 2153 quod
564 2100 773 2140 enodotus
787 2127 798 2145 ‚
835 2112 966 2150 quem
989 2098 1149 2139 scimus
1168 2098 1252 2139 hoc
1273 2111 1375 2153 rege
1391 2109 1434 2140 et
1453 2097 1548 2139 filiis
1568 2098 1699 2152 regiis
1719 2100 1970 2141 erudiendis
1989 2112 2030 2141 et
2053 2099 2337 2140 bibliothecae
2356 2097 2593 2153 praefuisse
2607 2132 2619 2148 ,
2645 2098 2789 2138 Suidae

199 2156 252 2198 (ς.
276 2156 340 2203 v.)
371 2154 530 2193 dicitur
545 2158 629 2195 τῶν
643 2154 685 2195 ἐν
696 2155 966 2210 Αλεξανδρείᾳ
989 2153 1354 2207 βιβλιοθηκῶν
1380 2148 1657 2207 προῦστᾶναι,
1685 2153 1799 2206 quod
1822 2153 1865 2193 in
1879 2151 2245 2194 Chronic.Paschal.
2263 2167 2305 2206 p.
2328 2155 2415 2194 173.
2427 2152 2539 2206 (326.
2556 2152 2621 2192 ed.
2640 2153 2790 2203 Dind.)

196 2206 465 2248 Ptolemaeus
488 2205 791 2260 Philadelphus
813 2205 971 2245 dicitur
998 2217 1142 2247 sacros
1167 2205 1466 2246 Hebraeorum
1490 2206 1622 2246 libros
1664 2207 1708 2250 ἐν
1735 2212 1850 2259 ταῖς
1876 2204 1978 2250 κατᾶ
1998 2206 2074 2261 τήν
2102 2201 2415 2262 Ἀλεξάνδρειαν
2460 2219 2787 2250 κατασκευα-

195 2264 415 2305 caetea»
428 2279 448 2312 ς
475 2258 541 2304 αὖ
552 2266 618 2319 τῷ
644 2263 695 2315 βι
707 2262 902 2315 βλιοθή
913 2276 1032 2310 καις
1056 2257 1296 2305 ἀποθέσθαι
1308 2257 1407 2315 μετὰ
1425 2260 1493 2303 καὶ
1512 2257 1644 2304 ἄλλων
1658 2264 1853 2305 πλείστων
1869 2260 1951 2306 olna
1965 2262 2135 2315 ἑκάστης
2148 2259 2303 2311 πόλεως
2320 2261 2604 2317 φορολογήσας
2626 2265 2792 2306 παντοί-

195 2318 460 2370 ωνβιβλίων,·
509 2317 626 2369 quod
651 2314 906 2366 Apollonius
935 2313 1338 2367 quoqueRhodius,
1363 2316 1437 2367 qui
1463 2325 1557 2367 post
1575 2311 1898 2356 Eratosthenem
1923 2330 1946 2354 a
1969 2315 2226 2365 bibliotheca
2248 2325 2339 2354 erat
2352 2316 2472 2365 (cum
2489 2315 2790 2355 Eratosthenes

194 2381 338 2408 autem
392 2368 508 2409 diem
559 2368 717 2407 obierit
760 2379 1012 2418 supremam
1062 2364 1130 2406 01.
1183 2365 1342 2409 ὄῖἰῑῖὶ.
1401 2364 1456 2407 cf'.
1508 2365 1743 2418 Bernhardy·
1781 2369 1993 2409 Eratosth.
2036 2383 2080 2422 p.
2114 2368 2160 2408 X.
2193 2368 2280 2407 ΧΠ.
2324 2367 2576 2422 Apollonius
2616 2367 2789 2407 videtur

196 2429 407 2475 regnante
435 2422 677 2461 Ptolemaeo
710 2420 781 2459 IV.
816 2418 1065 2473 Epiphane,
1119 2419 1194 2474 qui
1225 2422 1279 2458 ab
1309 2419 1375 2459 Ol.
1406 2419 1602 2468 diffini,
1644 2425 1663 2463 1
1700 2433 1836 2476 usque
1856 2422 1910 2461 ad
1934 2420 2167 2471 ’(ῦῖῡῖῦιι,
2193 2421 2221 2463 4
2249 2420 2468 2475 regnavit,
2501 2419 2788 2461 bibliothecae

195 2475 468 2528 praepositus
507 2483 626 2522 esse)
674 2479 729 2514 ab
783 2473 952 2513 incerto
996 2472 1110 2514 vitae
1152 2483 1404 2513 enarrator-e
1447 2472 1608 2513 dicitur
1665 2478 1766 2517 τοῖν
1815 2477 2191 2530 βιβλιοθηκῶν
2253 2478 2330 2517 τοῦ·
2388 2475 2609 2517 Μουσείου
2665 2472 2786 2525 algam-

194 2532 347 2589 orizam,
374 2527 505 2620 ¹Lunlele
529 2528 633 2566 illud
657 2535 776 2589 certe
797 2535 943 2618 patelt‘,
982 2538 1078 2618 ’¹:1⁰⁰
1100 2525 1146 2564 in
1166 2525 1430 2615 Physlponem
1458 2525 1635 2566 demum
1661 2526 1753 2568 sive
1775 2529 2063 2568 Ptolemaeum
2085 2528 2175 2594 Vll.
2210 2524 2485 2617 riefetiendam
2519 2539 2612 2570 esse
2639 2534 2787 2588 secun·

194 2583 276 2693 ‘3321‘
273 2583 372 2673 413?-
389 2591 448 2673 11⁰0*
467 2580 1874 2688 3233?{23:351....²‚'’..‘3¹.:t?1350‘233{;·2522t.¹3‘.¹33‘.‘m‘3”331
1884 2583 2313 2687 Effilttsssssstht‘:
2320 2592 2375 2673 ἐξ
2389 2591 2788 2672 ”rt-‘tzizssissfflmssz

192 2687 327 2732 vixit,
369 2687 508 2726 Suidas
540 2700 571 2728 s.
611 2699 650 2726 v.
683 2690 770 2730 ταῖν
802 2687 1091 2742 βιβλιοθηκοῖν
1121 2685 1183 2726 ait
1213 2681 1423 2739 προῦστης
1483 2685 1865 2733 „Ptolemaeorum
1905 2686 2247 2731 eruditissimus,
2291 2697 2419 2739 quem
2457 2647 2786 2739 Philadelphgm

189 2740 605 2833 ffpfm‘t'fflei'mss'b
616 2743 835 2832 ett'lezulilt‘
854 2739 1124 2833 littgrattlnrae
1148 2738 1454 2834 saffficissliqmus²
1472 2752 1569 2830 cuttan
1600 2738 1738 2832 stadio
1763 2740 2077 2834 bibliotzecgrfflgn
2088 2736 2490 2833 ssia’lsi:trattiim,lpt·
2513 2738 2692 2790 opinor,
2719 2753 2787 2831 οἵ

189 2806 468 2923 ΡΙιῗΙέξίΙΡὴο
481 2807 725 2888 'cotidiani
755 2805 1240 2900 :letgndnpojgkaim
1258 2818 1300 2897 ·(
1311 2806 1397 2886 deg
1423 2806 1484 2888 ive.
1501 2806 1770 2896 De‘ielkV'ffi’,
1789 2808 1923 2900 42:¹0„
1935 2807 1995 2888 in¹
2005 2805 2263 2888 bilffiiotgea
2277 2804 2305 2899 ,⁸
2325 2805 2784 2900 zfigmrhorbliliuitigaam

188 2901 376 2942 fecerat‘
405 2904 422 2950 )
459 2898 623 2939 Iustinus
661 2899 837 2952 Martyr.
877 2902 1096 2958 (Apolog.
1144 2904 1183 2945 2.
1237 2897 1305 2943 ὅτε
1352 2900 1625 2965 βιβλιοθήκην
1678 2901 1963 2946 κατεσκεύασε·
2005 2901 2173 2942 cohort.
2221 2900 2278 2940 ad
2332 2901 2483 2942 Graec·
2514 2900 2789 2956 βιβλιοθήκην

187 2957 232 2997 ἓν
254 2960 306 3019 τῇ
324 2953 612 3009 Ἀλεξανδρείᾳ
635 2955 959 3006 κατασκευάσας)
997 2954 1185 2994 Eusebius
1219 2953 1474 3005 (Chronim.
1500 2967 1555 2993 ex
1589 2966 1860 3011 interpretat.
1892 2954 2149 3006 Hieronymi
2178 2968 2224 3007 p.
2248 2953 2337 2996 140.
2381 2956 2463 3004 „in
2492 2954 2787 2994 Alexandrina

187 3007 450 3049 bibliothece
470 3006 622 3049 habuit
643 3020 770 3061 quam
794 3009 872 3047 sihi
896 3022 951 3049 ex
967 3007 1086 3049 omni
1109 3021 1271 3061 genere
1295 3005 1563 3049 litteraturae
1588 3013 1954 3063 comparaverat“
1974 3009 1994 3060 )
2023 3007 2269 3059 Epiphanius
2306 3006 2393 3059 (de
2420 3008 2552 3062 pond.
2584 3017 2627 3049 et
2653 3021 2788 3049 mens.

189 3075 224 3099 c.
253 3063 302 3102 Χ.
374 3062 626 3118 ιβλιοθήκην
666 3061 967 3111 κατασκευάσας
1009 3063 1075 3104 lut
1117 3065 1192 3115 τῆς
1232 3058 1367 3115 αὐτῆς
1405 3058 1681 3118 Ἀλεξάνδρου
1721 3060 1885 3117 πόλεως,
1919 3063 1965 3106 ἒν
2009 3066 2068 3119 τῷ
2082 3092 2084 3099 ·
2108 3063 2296 3118 Βρουχίςο
2341 3061 2550 3116 καλσμένῳ
2580 3061 2786 3115 nuptam).

192 3115 269 3164 2Β)
369 3117 454 3155 lien.
483 3115 535 3156 V.
567 3118 670 3163 203,
708 3128 743 3154 e.
875 3117 951 3164 ²⁹)
998 3113 1331 3170 Chronogroph.
1370 3128 1412 3168 p.
1442 3117 1537 3157 275-
1585 3117 1695 3166 (518
1731 3115 1800 3158 ed.
1819 3116 1984 3167 Dind.)
2039 3113 2102 3171 ιἢν
2128 3117 2172 3159 ἐν
2197 3110 2394 3165 Ἀλεξανδ
2421 3118 2482 3171 είᾳ
2509 3111 2787 3169 βιβλιοθήκην

185 3170 431 3222 καθίστησιν
461 3169 546 3225 ρλβ’
580 3166 824 3223 ὀλυμπιάδι,
867 3161 924 3223 ἧς
961 3168 1250 3224 πληρουμένης
1283 3171 1462 3223 τελευτᾷ.
1613 3172 1689 3220 ³¹²)
1726 3180 1798 3224 ap.
1832 3169 1973 3208 Enseb.
2023 3169 2049 3210 l.
2097 3182 2134 3209 c·
2263 3169 2355 3229 ⁸⁹¹)
2379 3131 2587 3230 ’ganeam
2623 3167 2703 3215 IV,
2746 3171 2786 3211 8.

190 3224 270 3274 ³²)
299 3222 433 3268 xvu.
476 3237 518 3277 p.
548 3224 705 3271 789.6,
739 3236 781 3276 p.
802 3223 884 3265 487
903 3221 1062 3263 Tzsch.
1189 3223 1265 3272 Η)
1304 3221 1356 3264 V.
1389 3222 1441 3262 H.
1480 3221 1548 3268 lv,
1588 3223 1649 3266 15.
1778 3225 1854 3273 ⁸⁴)
1898 3223 2145 3265 Comment.
2176 3221 2228 3266 11.
2262 3233 2308 3259 in
2335 3220 2594 3275 Hippocrat.
2616 3220 2723 3266 ἐπιδ.
2741 3219 2790 3278 7¹,

187 3278 262 3331 (Ρ.
289 3277 387 3320 240.
415 3274 487 3320 ed.
520 3276 668 3320 Chart.
698 3277 793 3321 412.
822 3276 877 3318 ed
897 3276 990 3320 Bas.
1013 3272 1070 3320 Τ.
1098 3276 1162 3316 17.
1183 3286 1227 3329 p.
1249 3276 1344 3320 607.
1372 3274 1499 3316 Kahn
1514 3274 1550 3327 ).
1637 3279 1711 3330 ⁵⁵)
1743 3276 1799 3319 de
1828 3276 1979 3332 tragic.
2002 3282 2147 3331 graec.
2170 3288 2215 3329 p.
2244 3276 2309 3317 12.
2335 3285 2400 3329 sq.
2494 3274 2573 3325 ³⁶)
2610 3275 2654 3316 in
2675 3288 2794 3332 egre·
