<?xml version="1.0" encoding="UTF-8"?>
<!DOCTYPE html PUBLIC "-//W3C//DTD XHTML 1.0 Transitional//EN"
    "http://www.w3.org/TR/xhtml1/DTD/xhtml1-transitional.dtd">
<html xmlns="http://www.w3.org/1999/xhtml" xml:lang="en" lang="en">
 <head>
  <title>
</title>
<meta http-equiv="Content-Type" content="text/html;charset=utf-8" />
  <meta name='ocr-system' content='tesseract 3.04.00' />
  <meta name='ocr-capabilities' content='ocr_page ocr_carea ocr_par ocr_line ocrx_word'/>
</head>
<body>
  <div class='ocr_page' id='page_1' title='image "./4775049_0018.png"; bbox 0 0 2999 3808; ppageno 0'>
   <div class='ocr_carea' id='block_1_1' title="bbox 1590 162 1809 172">
    <p class='ocr_par' dir='ltr' id='par_1_1' title="bbox 1590 162 1809 172">
     <span class='ocr_line' id='line_1_1' title="bbox 1590 162 1809 172; baseline 0 3636"><span class='ocrx_word' id='word_1_1' title='bbox 1590 162 1809 172; x_wconf 95' lang='lat' dir='ltr'> </span> 
     </span>
    </p>
   </div>
   <div class='ocr_carea' id='block_1_2' title="bbox 1192 163 1411 176">
    <p class='ocr_par' dir='ltr' id='par_1_2' title="bbox 1192 163 1411 176">
     <span class='ocr_line' id='line_1_2' title="bbox 1192 163 1411 176; baseline 0 3632"><span class='ocrx_word' id='word_1_2' title='bbox 1192 163 1411 176; x_wconf 95' lang='lat' dir='ltr'> </span> 
     </span>
    </p>
   </div>
   <div class='ocr_carea' id='block_1_3' title="bbox 1482 154 1514 185">
    <p class='ocr_par' dir='ltr' id='par_1_3' title="bbox 1482 154 1514 185">
     <span class='ocr_line' id='line_1_3' title="bbox 1482 154 1514 185; baseline 0 0"><span class='ocrx_word' id='word_1_3' title='bbox 1482 154 1514 185; x_wconf 81' lang='grc' dir='ltr'><strong>Χ</strong></span> 
     </span>
    </p>
   </div>
   <div class='ocr_carea' id='block_1_4' title="bbox 193 240 2794 703">
    <p class='ocr_par' dir='ltr' id='par_1_4' title="bbox 193 240 2794 703">
     <span class='ocr_line' id='line_1_4' title="bbox 196 240 2794 307; baseline 0.003 -15"><span class='ocrx_word' id='word_1_4' title='bbox 196 246 444 292; x_wconf 78' lang='lat' dir='ltr'>scribendi</span> <span class='ocrx_word' id='word_1_5' title='bbox 474 243 693 305; x_wconf 84' lang='lat' dir='ltr'>pericula</span> <span class='ocrx_word' id='word_1_6' title='bbox 735 242 838 288; x_wconf 77' lang='lat' dir='ltr'>sive</span> <span class='ocrx_word' id='word_1_7' title='bbox 873 241 1062 306; x_wconf 85' lang='lat' dir='ltr'>ingenii</span> <span class='ocrx_word' id='word_1_8' title='bbox 1100 241 1239 288; x_wconf 88' lang='lat' dir='ltr'>lusus</span> <span class='ocrx_word' id='word_1_9' title='bbox 1279 242 1368 289; x_wconf 90' lang='lat' dir='ltr'>ubi</span> <span class='ocrx_word' id='word_1_10' title='bbox 1402 252 1615 289; x_wconf 84' lang='lat' dir='ltr'>aetatem</span> <span class='ocrx_word' id='word_1_11' title='bbox 1652 240 1906 302; x_wconf 81' lang='lat' dir='ltr'>tulissent,</span> <span class='ocrx_word' id='word_1_12' title='bbox 1964 243 2133 290; x_wconf 80' lang='lat' dir='ltr'>fucum</span> <span class='ocrx_word' id='word_1_13' title='bbox 2166 244 2407 307; x_wconf 67' lang='lat' dir='ltr'>imperitis</span> <span class='ocrx_word' id='word_1_14' title='bbox 2445 260 2494 298; x_wconf 89' lang='lat' dir='ltr'>et</span> <span class='ocrx_word' id='word_1_15' title='bbox 2528 251 2586 298; x_wconf 90' lang='lat' dir='ltr'>ab</span> <span class='ocrx_word' id='word_1_16' title='bbox 2628 252 2794 300; x_wconf 84' lang='lat' dir='ltr'>critica</span> 
     </span>
     <span class='ocr_line' id='line_1_5' title="bbox 198 309 2793 382; baseline 0.003 -22"><span class='ocrx_word' id='word_1_17' title='bbox 198 327 305 360; x_wconf 87' lang='lat' dir='ltr'>arte</span> <span class='ocrx_word' id='word_1_18' title='bbox 344 312 515 357; x_wconf 82' lang='lat' dir='ltr'>alienis</span> <span class='ocrx_word' id='word_1_19' title='bbox 548 312 768 355; x_wconf 77' lang='lat' dir='ltr'>facerent</span> <span class='ocrx_word' id='word_1_20' title='bbox 800 325 1208 370; x_wconf 71' lang='lat' dir='ltr'>nonnumquam,</span> <span class='ocrx_word' id='word_1_21' title='bbox 1244 318 1301 354; x_wconf 94' lang='lat' dir='ltr'>ut</span> <span class='ocrx_word' id='word_1_22' title='bbox 1335 309 1395 356; x_wconf 92' lang='lat' dir='ltr'>ad</span> <span class='ocrx_word' id='word_1_23' title='bbox 1434 311 1567 372; x_wconf 91' lang='lat' dir='ltr'>ipsos</span> <span class='ocrx_word' id='word_1_24' title='bbox 1596 325 1678 355; x_wconf 86' lang='lat' dir='ltr'>eos</span> <span class='ocrx_word' id='word_1_25' title='bbox 1702 324 1924 355; x_wconf 88' lang='lat' dir='ltr'>summos</span> <span class='ocrx_word' id='word_1_26' title='bbox 1958 319 2178 356; x_wconf 87' lang='lat' dir='ltr'>oratores</span> <span class='ocrx_word' id='word_1_27' title='bbox 2211 314 2542 380; x_wconf 85' lang='lat' dir='ltr'>referrentur,</span> <span class='ocrx_word' id='word_1_28' title='bbox 2578 336 2793 382; x_wconf 88' lang='lat' dir='ltr'>quorum</span> 
     </span>
     <span class='ocr_line' id='line_1_6' title="bbox 198 376 2793 440; baseline 0 -13"><span class='ocrx_word' id='word_1_29' title='bbox 198 383 401 427; x_wconf 88' lang='lat' dir='ltr'>nomina</span> <span class='ocrx_word' id='word_1_30' title='bbox 424 394 541 440; x_wconf 89' lang='lat' dir='ltr'>prae</span> <span class='ocrx_word' id='word_1_31' title='bbox 565 393 617 422; x_wconf 91' lang='lat' dir='ltr'>se</span> <span class='ocrx_word' id='word_1_32' title='bbox 642 378 774 422; x_wconf 83' lang='lat' dir='ltr'>serre</span> <span class='ocrx_word' id='word_1_33' title='bbox 792 377 1094 423; x_wconf 88' lang='lat' dir='ltr'>viderentur.</span> <span class='ocrx_word' id='word_1_34' title='bbox 1148 376 1264 422; x_wconf 91' lang='lat' dir='ltr'>Uno</span> <span class='ocrx_word' id='word_1_35' title='bbox 1289 392 1425 423; x_wconf 90' lang='lat' dir='ltr'>nunc</span> <span class='ocrx_word' id='word_1_36' title='bbox 1439 386 1549 423; x_wconf 88' lang='lat' dir='ltr'>utar</span> <span class='ocrx_word' id='word_1_37' title='bbox 1576 391 1737 438; x_wconf 86' lang='lat' dir='ltr'>eoque</span> <span class='ocrx_word' id='word_1_38' title='bbox 1772 376 2032 422; x_wconf 90' lang='lat' dir='ltr'>notissimo</span> <span class='ocrx_word' id='word_1_39' title='bbox 2059 379 2317 440; x_wconf 82' lang='lat' dir='ltr'>exemplo,</span> <span class='ocrx_word' id='word_1_40' title='bbox 2345 382 2440 426; x_wconf 89' lang='lat' dir='ltr'>alia</span> <span class='ocrx_word' id='word_1_41' title='bbox 2469 396 2518 429; x_wconf 87' lang='lat' dir='ltr'>et</span> <span class='ocrx_word' id='word_1_42' title='bbox 2537 388 2793 434; x_wconf 75' lang='lat' dir='ltr'>luculenta</span> 
     </span>
     <span class='ocr_line' id='line_1_7' title="bbox 195 443 2792 517; baseline 0.002 -24"><span class='ocrx_word' id='word_1_43' title='bbox 195 449 323 493; x_wconf 80' lang='lat' dir='ltr'>infra</span> <span class='ocrx_word' id='word_1_44' title='bbox 345 445 615 500; x_wconf 73' lang='lat' dir='ltr'>additurus3</span> <span class='ocrx_word' id='word_1_45' title='bbox 640 444 886 490; x_wconf 85' lang='lat' dir='ltr'>Periclem</span> <span class='ocrx_word' id='word_1_46' title='bbox 904 444 1038 489; x_wconf 90' lang='lat' dir='ltr'>enim</span> <span class='ocrx_word' id='word_1_47' title='bbox 1066 453 1115 489; x_wconf 89' lang='lat' dir='ltr'>et</span> <span class='ocrx_word' id='word_1_48' title='bbox 1130 443 1437 489; x_wconf 83' lang='lat' dir='ltr'>Alcibiadem</span> <span class='ocrx_word' id='word_1_49' title='bbox 1461 460 1574 489; x_wconf 89' lang='lat' dir='ltr'>cum</span> <span class='ocrx_word' id='word_1_50' title='bbox 1597 444 1711 489; x_wconf 89' lang='lat' dir='ltr'>satis</span> <span class='ocrx_word' id='word_1_51' title='bbox 1732 453 1920 490; x_wconf 84' lang='lat' dir='ltr'>constet</span> <span class='ocrx_word' id='word_1_52' title='bbox 1943 444 2068 489; x_wconf 88' lang='lat' dir='ltr'>nihil</span> <span class='ocrx_word' id='word_1_53' title='bbox 2090 445 2330 506; x_wconf 87' lang='lat' dir='ltr'>scriptum</span> <span class='ocrx_word' id='word_1_54' title='bbox 2357 448 2637 515; x_wconf 80' lang='lat' dir='ltr'>reliquisse,</span> <span class='ocrx_word' id='word_1_55' title='bbox 2664 472 2792 517; x_wconf 87' lang='lat' dir='ltr'>quae</span> 
     </span>
     <span class='ocr_line' id='line_1_8' title="bbox 194 510 2791 582; baseline 0.002 -25"><span class='ocrx_word' id='word_1_56' title='bbox 194 513 458 572; x_wconf 88' lang='lat' dir='ltr'>utriusque</span> <span class='ocrx_word' id='word_1_57' title='bbox 483 511 734 557; x_wconf 88' lang='lat' dir='ltr'>orationes</span> <span class='ocrx_word' id='word_1_58' title='bbox 750 511 1036 557; x_wconf 89' lang='lat' dir='ltr'>ferebantur</span> <span class='ocrx_word' id='word_1_59' title='bbox 1055 510 1307 555; x_wconf 87' lang='lat' dir='ltr'>Ciceronis</span> <span class='ocrx_word' id='word_1_60' title='bbox 1328 520 1504 568; x_wconf 86' lang='lat' dir='ltr'>aetate,</span> <span class='ocrx_word' id='word_1_61' title='bbox 1530 511 1637 571; x_wconf 91' lang='lat' dir='ltr'>quis</span> <span class='ocrx_word' id='word_1_62' title='bbox 1660 511 1903 556; x_wconf 79' lang='lat' dir='ltr'>dubitabit</span> <span class='ocrx_word' id='word_1_63' title='bbox 1926 520 2010 555; x_wconf 86' lang='lat' dir='ltr'>aut</span> <span class='ocrx_word' id='word_1_64' title='bbox 2025 511 2335 571; x_wconf 82' lang='lat' dir='ltr'>Quintiliano</span> <span class='ocrx_word' id='word_1_65' title='bbox 2357 514 2588 561; x_wconf 81' lang='lat' dir='ltr'>accedere</span> <span class='ocrx_word' id='word_1_66' title='bbox 2603 523 2791 582; x_wconf 78' lang='lat' dir='ltr'>spurias</span> 
     </span>
     <span class='ocr_line' id='line_1_9' title="bbox 195 577 2793 642; baseline 0.004 -19"><span class='ocrx_word' id='word_1_67' title='bbox 195 594 277 624; x_wconf 90' lang='lat' dir='ltr'>eas</span> <span class='ocrx_word' id='word_1_68' title='bbox 321 578 584 634; x_wconf 90' lang='lat' dir='ltr'>iudicanti,</span> <span class='ocrx_word' id='word_1_69' title='bbox 655 587 741 623; x_wconf 89' lang='lat' dir='ltr'>aut</span> <span class='ocrx_word' id='word_1_70' title='bbox 771 577 1036 642; x_wconf 84' lang='lat' dir='ltr'>Spengelio</span> <span class='ocrx_word' id='word_1_71' title='bbox 1071 592 1243 622; x_wconf 90' lang='lat' dir='ltr'>earum</span> <span class='ocrx_word' id='word_1_72' title='bbox 1288 577 1533 640; x_wconf 84' lang='lat' dir='ltr'>originem</span> <span class='ocrx_word' id='word_1_73' title='bbox 1578 592 1638 621; x_wconf 86' lang='lat' dir='ltr'>ex</span> <span class='ocrx_word' id='word_1_74' title='bbox 1669 579 1931 622; x_wconf 82' lang='lat' dir='ltr'>rhetorum</span> <span class='ocrx_word' id='word_1_75' title='bbox 1975 577 2311 638; x_wconf 85' lang='lat' dir='ltr'>posteriorum</span> <span class='ocrx_word' id='word_1_76' title='bbox 2360 580 2793 634; x_wconf 85' lang='lat' dir='ltr'>exercitationibus</span> 
     </span>
     <span class='ocr_line' id='line_1_10' title="bbox 193 644 579 703; baseline -0.005 -12"><span class='ocrx_word' id='word_1_77' title='bbox 193 645 441 691; x_wconf 75' lang='lat' dir='ltr'>derivanti</span> <span class='ocrx_word' id='word_1_78' title='bbox 452 648 475 676; x_wconf 82' lang='lat'><strong>⁶</strong></span> <span class='ocrx_word' id='word_1_79' title='bbox 486 645 544 703; x_wconf 86' lang='lat'>²)</span> <span class='ocrx_word' id='word_1_80' title='bbox 559 644 579 689; x_wconf 66' lang='lat' dir='ltr'>P</span> 
     </span>
    </p>
   </div>
   <div class='ocr_carea' id='block_1_5' title="bbox 1433 726 1557 776">
    <p class='ocr_par' dir='ltr' id='par_1_5' title="bbox 1433 726 1557 776">
     <span class='ocr_line' id='line_1_11' title="bbox 1433 726 1557 776; baseline 0 0"><span class='ocrx_word' id='word_1_81' title='bbox 1433 726 1557 776; x_wconf 85' lang='grc' dir='ltr'><strong><em>ΙΙΙ.</em></strong></span> 
     </span>
    </p>
   </div>
   <div class='ocr_carea' id='block_1_6' title="bbox 191 833 2794 2230">
    <p class='ocr_par' dir='ltr' id='par_1_6' title="bbox 191 833 2794 2230">
     <span class='ocr_line' id='line_1_12' title="bbox 330 833 2792 897; baseline 0.003 -17"><span class='ocrx_word' id='word_1_82' title='bbox 330 835 726 881; x_wconf 67' lang='lat' dir='ltr'>Memor-avimus</span> <span class='ocrx_word' id='word_1_83' title='bbox 776 836 1106 880; x_wconf 89' lang='lat' dir='ltr'>nobilissimas</span> <span class='ocrx_word' id='word_1_84' title='bbox 1161 834 1351 895; x_wconf 81' lang='lat' dir='ltr'>aliquot</span> <span class='ocrx_word' id='word_1_85' title='bbox 1402 833 1620 879; x_wconf 80' lang='lat' dir='ltr'>Graecae</span> <span class='ocrx_word' id='word_1_86' title='bbox 1665 834 1969 895; x_wconf 85' lang='lat' dir='ltr'>antiquitatis</span> <span class='ocrx_word' id='word_1_87' title='bbox 2022 836 2371 897; x_wconf 79' lang='lat' dir='ltr'>bibliotheca8‚</span> <span class='ocrx_word' id='word_1_88' title='bbox 2438 839 2792 892; x_wconf 78' lang='lat' dir='ltr'>Alexandrinas</span> 
     </span>
     <span class='ocr_line' id='line_1_13' title="bbox 195 901 2792 971; baseline 0.003 -23"><span class='ocrx_word' id='word_1_89' title='bbox 195 904 343 961; x_wconf 85' lang='lat' dir='ltr'>duaS,</span> <span class='ocrx_word' id='word_1_90' title='bbox 378 902 578 946; x_wconf 89' lang='lat' dir='ltr'>Bruchii</span> <span class='ocrx_word' id='word_1_91' title='bbox 609 912 658 946; x_wconf 89' lang='lat' dir='ltr'>et</span> <span class='ocrx_word' id='word_1_92' title='bbox 689 902 913 963; x_wconf 86' lang='lat' dir='ltr'>Serapei‚</span> <span class='ocrx_word' id='word_1_93' title='bbox 949 917 1160 961; x_wconf 89' lang='lat' dir='ltr'>quarum</span> <span class='ocrx_word' id='word_1_94' title='bbox 1192 916 1306 945; x_wconf 90' lang='lat' dir='ltr'>cum</span> <span class='ocrx_word' id='word_1_95' title='bbox 1335 901 1418 945; x_wconf 89' lang='lat' dir='ltr'>illa</span> <span class='ocrx_word' id='word_1_96' title='bbox 1446 911 1573 945; x_wconf 90' lang='lat' dir='ltr'>esset</span> <span class='ocrx_word' id='word_1_97' title='bbox 1602 901 1661 945; x_wconf 90' lang='lat' dir='ltr'>ab</span> <span class='ocrx_word' id='word_1_98' title='bbox 1692 901 1822 946; x_wconf 91' lang='lat' dir='ltr'>Iulio</span> <span class='ocrx_word' id='word_1_99' title='bbox 1857 902 2064 948; x_wconf 86' lang='lat' dir='ltr'>Caesare</span> <span class='ocrx_word' id='word_1_100' title='bbox 2096 904 2320 962; x_wconf 89' lang='lat' dir='ltr'>incensa,</span> <span class='ocrx_word' id='word_1_101' title='bbox 2369 903 2514 951; x_wconf 91' lang='lat' dir='ltr'>aliam</span> <span class='ocrx_word' id='word_1_102' title='bbox 2540 910 2792 971; x_wconf 87' lang='lat' dir='ltr'>Augustus</span> 
     </span>
     <span class='ocr_line' id='line_1_14' title="bbox 194 967 2792 1032; baseline 0.003 -18"><span class='ocrx_word' id='word_1_103' title='bbox 194 972 249 1014; x_wconf 86' lang='lat' dir='ltr'>in</span> <span class='ocrx_word' id='word_1_104' title='bbox 290 968 525 1013; x_wconf 89' lang='lat' dir='ltr'>Sebasteo</span> <span class='ocrx_word' id='word_1_105' title='bbox 575 967 819 1026; x_wconf 85' lang='lat' dir='ltr'>condidit,</span> <span class='ocrx_word' id='word_1_106' title='bbox 876 984 1028 1013; x_wconf 87' lang='lat' dir='ltr'>unam</span> <span class='ocrx_word' id='word_1_107' title='bbox 1061 968 1447 1031; x_wconf 84' lang='lat' dir='ltr'>Pergamenam‚</span> <span class='ocrx_word' id='word_1_108' title='bbox 1478 982 1604 1027; x_wconf 88' lang='lat' dir='ltr'>quae</span> <span class='ocrx_word' id='word_1_109' title='bbox 1634 976 1747 1012; x_wconf 89' lang='lat' dir='ltr'>ante</span> <span class='ocrx_word' id='word_1_110' title='bbox 1781 968 1993 1032; x_wconf 86' lang='lat' dir='ltr'>Augusti</span> <span class='ocrx_word' id='word_1_111' title='bbox 2036 978 2261 1032; x_wconf 89' lang='lat' dir='ltr'>tempora</span> <span class='ocrx_word' id='word_1_112' title='bbox 2305 972 2520 1017; x_wconf 83' lang='lat' dir='ltr'>Romam</span> <span class='ocrx_word' id='word_1_113' title='bbox 2558 976 2792 1022; x_wconf 86' lang='lat' dir='ltr'>translata</span> 
     </span>
     <span class='ocr_line' id='line_1_15' title="bbox 197 1031 2794 1100; baseline 0.003 -20"><span class='ocrx_word' id='word_1_114' title='bbox 197 1031 355 1094; x_wconf 64' lang='lat' dir='ltr'>esta),</span> <span class='ocrx_word' id='word_1_115' title='bbox 391 1050 541 1079; x_wconf 90' lang='lat' dir='ltr'>unam</span> <span class='ocrx_word' id='word_1_116' title='bbox 571 1034 951 1080; x_wconf 86' lang='lat' dir='ltr'>Antiochenam.</span> <span class='ocrx_word' id='word_1_117' title='bbox 1020 1035 1225 1079; x_wconf 87' lang='lat' dir='ltr'>Fuerint</span> <span class='ocrx_word' id='word_1_118' title='bbox 1251 1034 1352 1092; x_wconf 86' lang='lat' dir='ltr'>his,</span> <span class='ocrx_word' id='word_1_119' title='bbox 1391 1044 1439 1078; x_wconf 91' lang='lat' dir='ltr'>et</span> <span class='ocrx_word' id='word_1_120' title='bbox 1463 1034 1503 1078; x_wconf 90' lang='lat' dir='ltr'>si</span> <span class='ocrx_word' id='word_1_121' title='bbox 1528 1049 1655 1094; x_wconf 91' lang='lat' dir='ltr'>quae</span> <span class='ocrx_word' id='word_1_122' title='bbox 1686 1033 1812 1078; x_wconf 85' lang='lat' dir='ltr'>aliae</span> <span class='ocrx_word' id='word_1_123' title='bbox 1844 1045 2011 1079; x_wconf 80' lang='lat' dir='ltr'>essent</span> <span class='ocrx_word' id='word_1_124' title='bbox 2044 1037 2279 1096; x_wconf 88' lang='lat' dir='ltr'>maiores,</span> <span class='ocrx_word' id='word_1_125' title='bbox 2329 1038 2407 1082; x_wconf 90' lang='lat' dir='ltr'>sui</span> <span class='ocrx_word' id='word_1_126' title='bbox 2449 1040 2627 1100; x_wconf 90' lang='lat' dir='ltr'>cuique</span> <span class='ocrx_word' id='word_1_127' title='bbox 2668 1041 2794 1090; x_wconf 79' lang='grc' dir='ltr'><strong><em>πίνα·</em></strong></span> 
     </span>
     <span class='ocr_line' id='line_1_16' title="bbox 193 1100 2789 1165; baseline 0.002 -15"><span class='ocrx_word' id='word_1_128' title='bbox 193 1121 291 1159; x_wconf 62' lang='grc' dir='ltr'>κεςς</span> <span class='ocrx_word' id='word_1_129' title='bbox 329 1101 574 1146; x_wconf 88' lang='lat' dir='ltr'>notissimi</span> <span class='ocrx_word' id='word_1_130' title='bbox 602 1111 771 1147; x_wconf 89' lang='lat' dir='ltr'>tamen</span> <span class='ocrx_word' id='word_1_131' title='bbox 805 1111 947 1147; x_wconf 89' lang='lat' dir='ltr'>erant</span> <span class='ocrx_word' id='word_1_132' title='bbox 974 1100 1300 1147; x_wconf 84' lang='lat' dir='ltr'>Alexandrini</span> <span class='ocrx_word' id='word_1_133' title='bbox 1334 1110 1383 1145; x_wconf 86' lang='lat' dir='ltr'>et</span> <span class='ocrx_word' id='word_1_134' title='bbox 1414 1100 1720 1164; x_wconf 85' lang='lat' dir='ltr'>Pergameni.</span> <span class='ocrx_word' id='word_1_135' title='bbox 1789 1100 2147 1146; x_wconf 80' lang='lat' dir='ltr'>Alexandrinos</span> <span class='ocrx_word' id='word_1_136' title='bbox 2181 1104 2379 1165; x_wconf 89' lang='lat' dir='ltr'>appello</span> <span class='ocrx_word' id='word_1_137' title='bbox 2404 1106 2462 1148; x_wconf 88' lang='lat' dir='ltr'>ab</span> <span class='ocrx_word' id='word_1_138' title='bbox 2489 1107 2789 1154; x_wconf 84' lang='lat' dir='ltr'>Callimacho</span> 
     </span>
     <span class='ocr_line' id='line_1_17' title="bbox 196 1167 2789 1231; baseline 0.003 -17"><span class='ocrx_word' id='word_1_139' title='bbox 196 1172 456 1231; x_wconf 69' lang='lat' dir='ltr'>Cyrenaeo</span> <span class='ocrx_word' id='word_1_140' title='bbox 508 1178 557 1214; x_wconf 91' lang='lat' dir='ltr'>et</span> <span class='ocrx_word' id='word_1_141' title='bbox 596 1169 928 1230; x_wconf 83' lang='lat' dir='ltr'>Aristophane</span> <span class='ocrx_word' id='word_1_142' title='bbox 962 1169 1201 1230; x_wconf 81' lang='lat' dir='ltr'>Byzantio</span> <span class='ocrx_word' id='word_1_143' title='bbox 1243 1168 1415 1213; x_wconf 83' lang='lat' dir='ltr'>factos.</span> <span class='ocrx_word' id='word_1_144' title='bbox 1515 1169 1589 1213; x_wconf 92' lang='lat' dir='ltr'>Ab</span> <span class='ocrx_word' id='word_1_145' title='bbox 1634 1167 1937 1213; x_wconf 83' lang='lat' dir='ltr'>Callimacho</span> <span class='ocrx_word' id='word_1_146' title='bbox 1974 1168 2132 1228; x_wconf 84' lang='lat' dir='ltr'>enim,</span> <span class='ocrx_word' id='word_1_147' title='bbox 2195 1186 2346 1231; x_wconf 91' lang='lat' dir='ltr'>quem</span> <span class='ocrx_word' id='word_1_148' title='bbox 2390 1183 2578 1217; x_wconf 86' lang='lat' dir='ltr'>constat</span> <span class='ocrx_word' id='word_1_149' title='bbox 2617 1186 2789 1221; x_wconf 81' lang='lat' dir='ltr'>natura</span> 
     </span>
     <span class='ocr_line' id='line_1_18' title="bbox 196 1235 2787 1300; baseline 0.003 -20"><span class='ocrx_word' id='word_1_150' title='bbox 196 1253 286 1282; x_wconf 79' lang='lat' dir='ltr'>sua</span> <span class='ocrx_word' id='word_1_151' title='bbox 351 1235 554 1280; x_wconf 84' lang='lat' dir='ltr'>doctum</span> <span class='ocrx_word' id='word_1_152' title='bbox 610 1235 777 1297; x_wconf 86' lang='lat' dir='ltr'>potius</span> <span class='ocrx_word' id='word_1_153' title='bbox 839 1236 1222 1300; x_wconf 83' lang='lat' dir='ltr'>grammaticum</span> <span class='ocrx_word' id='word_1_154' title='bbox 1279 1236 1431 1280; x_wconf 87' lang='lat' dir='ltr'>fuisse</span> <span class='ocrx_word' id='word_1_155' title='bbox 1494 1250 1643 1295; x_wconf 90' lang='lat' dir='ltr'>quam</span> <span class='ocrx_word' id='word_1_156' title='bbox 1719 1245 1945 1296; x_wconf 85' lang='lat' dir='ltr'>poetam,</span> <span class='ocrx_word' id='word_1_157' title='bbox 2029 1236 2253 1280; x_wconf 84' lang='lat' dir='ltr'>floruisse</span> <span class='ocrx_word' id='word_1_158' title='bbox 2316 1248 2487 1282; x_wconf 86' lang='lat' dir='ltr'>autem</span> <span class='ocrx_word' id='word_1_159' title='bbox 2555 1244 2787 1288; x_wconf 81' lang='lat' dir='ltr'>credibile</span> 
     </span>
     <span class='ocr_line' id='line_1_19' title="bbox 198 1301 2791 1365; baseline 0.002 -16"><span class='ocrx_word' id='word_1_160' title='bbox 198 1314 273 1349; x_wconf 88' lang='lat' dir='ltr'>est</span> <span class='ocrx_word' id='word_1_161' title='bbox 310 1303 402 1348; x_wconf 85' lang='lat' dir='ltr'>sub</span> <span class='ocrx_word' id='word_1_162' title='bbox 440 1302 769 1364; x_wconf 87' lang='lat' dir='ltr'>Philadelpho</span> <span class='ocrx_word' id='word_1_163' title='bbox 803 1303 1049 1362; x_wconf 83' lang='lat' dir='ltr'>maxime,</span> <span class='ocrx_word' id='word_1_164' title='bbox 1095 1303 1347 1362; x_wconf 84' lang='lat' dir='ltr'>vitamque</span> <span class='ocrx_word' id='word_1_165' title='bbox 1392 1301 1684 1364; x_wconf 87' lang='lat' dir='ltr'>produxisse</span> <span class='ocrx_word' id='word_1_166' title='bbox 1730 1301 1791 1346; x_wconf 88' lang='lat' dir='ltr'>ad</span> <span class='ocrx_word' id='word_1_167' title='bbox 1829 1302 2109 1365; x_wconf 84' lang='lat' dir='ltr'>Euergetae</span> <span class='ocrx_word' id='word_1_168' title='bbox 2149 1303 2288 1365; x_wconf 78' lang='lat' dir='ltr'>regni</span> <span class='ocrx_word' id='word_1_169' title='bbox 2319 1303 2485 1362; x_wconf 82' lang='lat' dir='ltr'>initia,</span> <span class='ocrx_word' id='word_1_170' title='bbox 2529 1305 2578 1351; x_wconf 92' lang='lat' dir='ltr'>id</span> <span class='ocrx_word' id='word_1_171' title='bbox 2622 1318 2695 1353; x_wconf 86' lang='lat' dir='ltr'>est</span> <span class='ocrx_word' id='word_1_172' title='bbox 2730 1311 2791 1356; x_wconf 88' lang='lat' dir='ltr'>ad</span> 
     </span>
     <span class='ocr_line' id='line_1_20' title="bbox 196 1362 2787 1435; baseline 0.003 -21"><span class='ocrx_word' id='word_1_173' title='bbox 196 1371 273 1414; x_wconf 90' lang='lat' dir='ltr'>Ol.</span> <span class='ocrx_word' id='word_1_174' title='bbox 310 1370 537 1425; x_wconf 67' lang='lat' dir='ltr'>CXXXI—11,</span> <span class='ocrx_word' id='word_1_175' title='bbox 572 1372 630 1425; x_wconf 87' lang='lat'>2,</span> <span class='ocrx_word' id='word_1_176' title='bbox 669 1370 857 1413; x_wconf 80' lang='lat' dir='ltr'>Suidas</span> <span class='ocrx_word' id='word_1_177' title='bbox 880 1380 1053 1413; x_wconf 89' lang='lat' dir='ltr'>auctor</span> <span class='ocrx_word' id='word_1_178' title='bbox 1081 1379 1155 1413; x_wconf 85' lang='lat' dir='ltr'>est</span> <span class='ocrx_word' id='word_1_179' title='bbox 1189 1370 1394 1429; x_wconf 90' lang='lat' dir='ltr'>scriptos</span> <span class='ocrx_word' id='word_1_180' title='bbox 1429 1384 1535 1412; x_wconf 89' lang='lat' dir='ltr'>esse</span> <span class='ocrx_word' id='word_1_181' title='bbox 1561 1365 1755 1415; x_wconf 70' lang='grc' dir='ltr'><strong><em>πίνακας·</em></strong></span> <span class='ocrx_word' id='word_1_182' title='bbox 1775 1368 1860 1415; x_wconf 74' lang='grc' dir='ltr'><strong><em>τῶν</em></strong></span> <span class='ocrx_word' id='word_1_183' title='bbox 1896 1369 1937 1415; x_wconf 84' lang='grc' dir='ltr'>ἓν</span> <span class='ocrx_word' id='word_1_184' title='bbox 1969 1363 2095 1429; x_wconf 70' lang='grc' dir='ltr'>πάσῃ</span> <span class='ocrx_word' id='word_1_185' title='bbox 2124 1363 2310 1434; x_wconf 72' lang='grc' dir='ltr'><strong><em>παιδεία</em></strong></span> <span class='ocrx_word' id='word_1_186' title='bbox 2339 1362 2787 1435; x_wconf 73' lang='grc' dir='ltr'><strong><em>ὃιαλαμψοὶντων63)</em></strong></span> 
     </span>
     <span class='ocr_line' id='line_1_21' title="bbox 194 1429 2789 1502; baseline 0.002 -20"><span class='ocrx_word' id='word_1_187' title='bbox 194 1434 271 1483; x_wconf 73' lang='grc' dir='ltr'>καὶ</span> <span class='ocrx_word' id='word_1_188' title='bbox 313 1429 368 1482; x_wconf 65' lang='grc' dir='ltr'>ὧν</span> <span class='ocrx_word' id='word_1_189' title='bbox 408 1430 701 1499; x_wconf 72' lang='grc' dir='ltr'><em>συνέγραψαν</em></span> <span class='ocrx_word' id='word_1_190' title='bbox 742 1431 784 1481; x_wconf 78' lang='grc' dir='ltr'>ἔν</span> <span class='ocrx_word' id='word_1_191' title='bbox 823 1430 1025 1491; x_wconf 75' lang='grc' dir='ltr'>βιβλίοις</span> <span class='ocrx_word' id='word_1_192' title='bbox 1062 1431 1103 1480; x_wconf 80' lang='grc' dir='ltr'>κ’</span> <span class='ocrx_word' id='word_1_193' title='bbox 1135 1431 1214 1482; x_wconf 69' lang='grc' dir='ltr'>καὶ</span> <span class='ocrx_word' id='word_1_194' title='bbox 1248 1430 1299 1500; x_wconf 71' lang='grc' dir='ltr'>ς’,</span> <span class='ocrx_word' id='word_1_195' title='bbox 1357 1434 1407 1479; x_wconf 92' lang='lat' dir='ltr'>id</span> <span class='ocrx_word' id='word_1_196' title='bbox 1452 1443 1526 1478; x_wconf 91' lang='lat' dir='ltr'>est</span> <span class='ocrx_word' id='word_1_197' title='bbox 1575 1434 1804 1493; x_wconf 88' lang='lat' dir='ltr'>„tabulas</span> <span class='ocrx_word' id='word_1_198' title='bbox 1852 1449 2049 1493; x_wconf 89' lang='lat' dir='ltr'>eorum,</span> <span class='ocrx_word' id='word_1_199' title='bbox 2113 1436 2196 1495; x_wconf 88' lang='lat' dir='ltr'>qui</span> <span class='ocrx_word' id='word_1_200' title='bbox 2236 1437 2288 1479; x_wconf 88' lang='lat' dir='ltr'>in</span> <span class='ocrx_word' id='word_1_201' title='bbox 2330 1438 2497 1497; x_wconf 77' lang='lat' dir='ltr'>quavis</span> <span class='ocrx_word' id='word_1_202' title='bbox 2535 1439 2789 1502; x_wconf 77' lang='lat' dir='ltr'>disciplina</span> 
     </span>
     <span class='ocr_line' id='line_1_22' title="bbox 193 1500 2790 1562; baseline -0.001 -15"><span class='ocrx_word' id='word_1_203' title='bbox 193 1501 538 1548; x_wconf 88' lang='lat' dir='ltr'>inclaruerunt</span> <span class='ocrx_word' id='word_1_204' title='bbox 606 1510 755 1561; x_wconf 91' lang='lat' dir='ltr'>atque</span> <span class='ocrx_word' id='word_1_205' title='bbox 816 1500 1014 1546; x_wconf 74' lang='lat' dir='ltr'>eorumv</span> <span class='ocrx_word' id='word_1_206' title='bbox 1046 1516 1173 1561; x_wconf 90' lang='lat' dir='ltr'>quae</span> <span class='ocrx_word' id='word_1_207' title='bbox 1230 1501 1631 1561; x_wconf 90' lang='lat' dir='ltr'>conscripserunt</span> <span class='ocrx_word' id='word_1_208' title='bbox 1679 1500 1814 1543; x_wconf 90' lang='lat' dir='ltr'>libris</span> <span class='ocrx_word' id='word_1_209' title='bbox 1862 1500 2035 1559; x_wconf 56' lang='grc' dir='ltr'>ὄὶᾱίί,</span> <span class='ocrx_word' id='word_1_210' title='bbox 2099 1517 2125 1545; x_wconf 90' lang='lat' dir='ltr'>a</span> <span class='ocrx_word' id='word_1_211' title='bbox 2177 1503 2352 1562; x_wconf 82' lang='lat' dir='ltr'>quibus</span> <span class='ocrx_word' id='word_1_212' title='bbox 2398 1504 2530 1548; x_wconf 74' lang='lat' dir='ltr'>haud</span> <span class='ocrx_word' id='word_1_213' title='bbox 2582 1508 2679 1552; x_wconf 76' lang='lat' dir='ltr'>scio</span> <span class='ocrx_word' id='word_1_214' title='bbox 2728 1525 2790 1554; x_wconf 68' lang='lat' dir='ltr'>an</span> 
     </span>
     <span class='ocr_line' id='line_1_23' title="bbox 193 1562 2790 1638; baseline 0.002 -23"><span class='ocrx_word' id='word_1_215' title='bbox 193 1569 362 1616; x_wconf 85' lang='lat' dir='ltr'>minus</span> <span class='ocrx_word' id='word_1_216' title='bbox 382 1577 519 1612; x_wconf 83' lang='lat' dir='ltr'>recte</span> <span class='ocrx_word' id='word_1_217' title='bbox 538 1578 595 1612; x_wconf 88' lang='lat' dir='ltr'>ut</span> <span class='ocrx_word' id='word_1_218' title='bbox 616 1568 1004 1610; x_wconf 87' lang='lat' dir='ltr'>diversos-libros</span> <span class='ocrx_word' id='word_1_219' title='bbox 1030 1568 1307 1609; x_wconf 80' lang='lat' dir='ltr'>distinxerit</span> <span class='ocrx_word' id='word_1_220' title='bbox 1321 1566 1700 1628; x_wconf 83' lang='lat' dir='ltr'>lexicographus</span> <span class='ocrx_word' id='word_1_221' title='bbox 1720 1576 1829 1609; x_wconf 88' lang='lat' dir='ltr'>tum</span> <span class='ocrx_word' id='word_1_222' title='bbox 1852 1562 2024 1612; x_wconf 71' lang='grc' dir='ltr'><strong><em>πίνακα</em></strong></span> <span class='ocrx_word' id='word_1_223' title='bbox 2044 1565 2121 1613; x_wconf 70' lang='grc' dir='ltr'>και1</span> <span class='ocrx_word' id='word_1_224' title='bbox 2137 1564 2397 1631; x_wconf 70' lang='grc' dir='ltr'><strong><em>α’ναγραφῆν</em></strong></span> <span class='ocrx_word' id='word_1_225' title='bbox 2424 1567 2511 1617; x_wconf 76' lang='grc' dir='ltr'>τῶν</span> <span class='ocrx_word' id='word_1_226' title='bbox 2531 1568 2657 1620; x_wconf 72' lang='grc' dir='ltr'><strong><em>κατ-οὶ</em></strong></span> <span class='ocrx_word' id='word_1_227' title='bbox 2686 1573 2790 1638; x_wconf 67' lang='grc' dir='ltr'>χρό·</span> 
     </span>
     <span class='ocr_line' id='line_1_24' title="bbox 194 1624 2790 1697; baseline 0.002 -15"><span class='ocrx_word' id='word_1_228' title='bbox 194 1652 287 1682; x_wconf 67' lang='lat' dir='ltr'>vove</span> <span class='ocrx_word' id='word_1_229' title='bbox 311 1632 388 1682; x_wconf 74' lang='grc' dir='ltr'>καὶ</span> <span class='ocrx_word' id='word_1_230' title='bbox 411 1632 502 1680; x_wconf 75' lang='grc' dir='ltr'>α’π·</span> <span class='ocrx_word' id='word_1_231' title='bbox 532 1633 682 1697; x_wconf 64' lang='grc' dir='ltr'><em>ἀρχῆς</em></span> <span class='ocrx_word' id='word_1_232' title='bbox 707 1633 933 1693; x_wconf 73' lang='grc' dir='ltr'><strong><em>γενομένων</em></strong></span> <span class='ocrx_word' id='word_1_233' title='bbox 956 1625 1235 1680; x_wconf 69' lang='grc' dir='ltr'>διδασκάλων</span> <span class='ocrx_word' id='word_1_234' title='bbox 1262 1633 1414 1690; x_wconf 82' lang='lat' dir='ltr'>(sive,</span> <span class='ocrx_word' id='word_1_235' title='bbox 1452 1644 1508 1676; x_wconf 87' lang='lat' dir='ltr'>ut</span> <span class='ocrx_word' id='word_1_236' title='bbox 1549 1631 1630 1676; x_wconf 79' lang='lat' dir='ltr'>alii</span> <span class='ocrx_word' id='word_1_237' title='bbox 1659 1631 1966 1691; x_wconf 86' lang='lat' dir='ltr'>maluerunt,</span> <span class='ocrx_word' id='word_1_238' title='bbox 2001 1624 2325 1692; x_wconf 63' lang='grc' dir='ltr'><strong><em>διδασκαλιῶν)</em></strong></span> <span class='ocrx_word' id='word_1_239' title='bbox 2377 1644 2486 1681; x_wconf 90' lang='lat' dir='ltr'>tum</span> <span class='ocrx_word' id='word_1_240' title='bbox 2511 1639 2679 1687; x_wconf 69' lang='grc' dir='ltr'><strong><em>πίνακα</em></strong></span> <span class='ocrx_word' id='word_1_241' title='bbox 2705 1642 2790 1691; x_wconf 81' lang='grc' dir='ltr'><strong><em>τῶν</em></strong></span> 
     </span>
     <span class='ocr_line' id='line_1_25' title="bbox 191 1696 2789 1766; baseline 0.002 -18"><span class='ocrx_word' id='word_1_242' title='bbox 191 1699 457 1766; x_wconf 61' lang='grc' dir='ltr'>Δημοκρίτου</span> <span class='ocrx_word' id='word_1_243' title='bbox 485 1701 695 1760; x_wconf 77' lang='grc' dir='ltr'><strong><em>γλωσσῶν</em></strong></span> <span class='ocrx_word' id='word_1_244' title='bbox 726 1696 803 1747; x_wconf 71' lang='grc' dir='ltr'>καὶ</span> <span class='ocrx_word' id='word_1_245' title='bbox 829 1697 1180 1761; x_wconf 71' lang='grc' dir='ltr'><strong><em>συνταγμάτων;</em></strong></span> <span class='ocrx_word' id='word_1_246' title='bbox 1217 1714 1333 1744; x_wconf 91' lang='lat' dir='ltr'>nam</span> <span class='ocrx_word' id='word_1_247' title='bbox 1364 1698 1489 1743; x_wconf 84' lang='lat' dir='ltr'>mihi</span> <span class='ocrx_word' id='word_1_248' title='bbox 1512 1698 1645 1743; x_wconf 87' lang='lat' dir='ltr'>idem</span> <span class='ocrx_word' id='word_1_249' title='bbox 1676 1698 1942 1759; x_wconf 87' lang='lat' dir='ltr'>probatur,</span> <span class='ocrx_word' id='word_1_250' title='bbox 1980 1699 2114 1760; x_wconf 93' lang='lat' dir='ltr'>quod</span> <span class='ocrx_word' id='word_1_251' title='bbox 2143 1700 2396 1747; x_wconf 82' lang='lat' dir='ltr'>W&#39;owerio</span> <span class='ocrx_word' id='word_1_252' title='bbox 2414 1704 2502 1763; x_wconf 74' lang='lat'>⁶⁴)</span> <span class='ocrx_word' id='word_1_253' title='bbox 2541 1714 2589 1749; x_wconf 86' lang='lat' dir='ltr'>et</span> <span class='ocrx_word' id='word_1_254' title='bbox 2614 1706 2789 1753; x_wconf 88' lang='lat' dir='ltr'>Ruhn-</span> 
     </span>
     <span class='ocr_line' id='line_1_26' title="bbox 194 1765 2790 1830; baseline 0.002 -17"><span class='ocrx_word' id='word_1_255' title='bbox 194 1769 450 1825; x_wconf 69' lang='lat' dir='ltr'>kenio65)</span> <span class='ocrx_word' id='word_1_256' title='bbox 488 1768 648 1811; x_wconf 90' lang='lat' dir='ltr'>visum</span> <span class='ocrx_word' id='word_1_257' title='bbox 690 1776 789 1825; x_wconf 84' lang='lat' dir='ltr'>est,</span> <span class='ocrx_word' id='word_1_258' title='bbox 827 1777 883 1811; x_wconf 89' lang='lat' dir='ltr'>ut</span> <span class='ocrx_word' id='word_1_259' title='bbox 921 1766 1008 1812; x_wconf 91' lang='lat' dir='ltr'>has</span> <span class='ocrx_word' id='word_1_260' title='bbox 1043 1782 1245 1827; x_wconf 89' lang='lat' dir='ltr'>quoque</span> <span class='ocrx_word' id='word_1_261' title='bbox 1290 1765 1422 1811; x_wconf 91' lang='lat' dir='ltr'>illius</span> <span class='ocrx_word' id='word_1_262' title='bbox 1459 1765 1578 1811; x_wconf 81' lang='lat' dir='ltr'>vasti</span> <span class='ocrx_word' id='word_1_263' title='bbox 1615 1765 1778 1827; x_wconf 88' lang='lat' dir='ltr'>operis</span> <span class='ocrx_word' id='word_1_264' title='bbox 1797 1775 1961 1827; x_wconf 88' lang='lat' dir='ltr'>partes</span> <span class='ocrx_word' id='word_1_265' title='bbox 1996 1766 2202 1812; x_wconf 85' lang='lat' dir='ltr'>arbitrer</span> <span class='ocrx_word' id='word_1_266' title='bbox 2241 1768 2406 1813; x_wconf 85' lang='lat' dir='ltr'>fuisse.</span> <span class='ocrx_word' id='word_1_267' title='bbox 2488 1771 2671 1830; x_wconf 87' lang='lat' dir='ltr'>Fallor,</span> <span class='ocrx_word' id='word_1_268' title='bbox 2705 1786 2790 1819; x_wconf 83' lang='lat' dir='ltr'>aut</span> 
     </span>
     <span class='ocr_line' id='line_1_27' title="bbox 197 1832 2788 1894; baseline 0.002 -16"><span class='ocrx_word' id='word_1_269' title='bbox 197 1844 302 1879; x_wconf 79' lang='lat' dir='ltr'>erat</span> <span class='ocrx_word' id='word_1_270' title='bbox 340 1832 464 1878; x_wconf 77' lang='lat' dir='ltr'>illud</span> <span class='ocrx_word' id='word_1_271' title='bbox 499 1833 565 1877; x_wconf 90' lang='lat' dir='ltr'>ita</span> <span class='ocrx_word' id='word_1_272' title='bbox 599 1833 919 1891; x_wconf 88' lang='lat' dir='ltr'>adornatum,</span> <span class='ocrx_word' id='word_1_273' title='bbox 955 1842 1012 1878; x_wconf 88' lang='lat' dir='ltr'>ut</span> <span class='ocrx_word' id='word_1_274' title='bbox 1047 1833 1256 1878; x_wconf 86' lang='lat' dir='ltr'>referret</span> <span class='ocrx_word' id='word_1_275' title='bbox 1296 1832 1664 1892; x_wconf 88' lang='lat' dir='ltr'>quodammodo</span> <span class='ocrx_word' id='word_1_276' title='bbox 1697 1847 1779 1876; x_wconf 82' lang='lat' dir='ltr'>eos</span> <span class='ocrx_word' id='word_1_277' title='bbox 1813 1833 2057 1876; x_wconf 89' lang='lat' dir='ltr'>librorum</span> <span class='ocrx_word' id='word_1_278' title='bbox 2100 1833 2313 1891; x_wconf 86' lang='lat' dir='ltr'>indices,</span> <span class='ocrx_word' id='word_1_279' title='bbox 2362 1851 2485 1894; x_wconf 89' lang='lat' dir='ltr'>quos</span> <span class='ocrx_word' id='word_1_280' title='bbox 2515 1841 2670 1883; x_wconf 84' lang='lat' dir='ltr'>nostri</span> <span class='ocrx_word' id='word_1_281' title='bbox 2700 1842 2788 1884; x_wconf 88' lang='lat' dir='ltr'>ho-</span> 
     </span>
     <span class='ocr_line' id='line_1_28' title="bbox 193 1898 2788 1970; baseline 0.002 -23"><span class='ocrx_word' id='word_1_282' title='bbox 193 1902 355 1947; x_wconf 84' lang='lat' dir='ltr'>mines</span> <span class='ocrx_word' id='word_1_283' title='bbox 391 1900 592 1959; x_wconf 86' lang='lat' dir='ltr'>„reales</span> <span class='ocrx_word' id='word_1_284' title='bbox 609 1900 637 1926; x_wconf 77' lang='lat'>‘⁴</span> <span class='ocrx_word' id='word_1_285' title='bbox 672 1900 950 1962; x_wconf 84' lang='lat' dir='ltr'>appellant,</span> <span class='ocrx_word' id='word_1_286' title='bbox 1001 1899 1096 1945; x_wconf 89' lang='lat' dir='ltr'>nisi</span> <span class='ocrx_word' id='word_1_287' title='bbox 1127 1899 1262 1960; x_wconf 93' lang='lat' dir='ltr'>quod</span> <span class='ocrx_word' id='word_1_288' title='bbox 1300 1898 1375 1944; x_wconf 89' lang='lat' dir='ltr'>his</span> <span class='ocrx_word' id='word_1_289' title='bbox 1413 1899 1573 1944; x_wconf 88' lang='lat' dir='ltr'>multo</span> <span class='ocrx_word' id='word_1_290' title='bbox 1611 1908 1750 1943; x_wconf 85' lang='lat' dir='ltr'>erant</span> <span class='ocrx_word' id='word_1_291' title='bbox 1784 1899 2049 1960; x_wconf 89' lang='lat' dir='ltr'>ampliores</span> <span class='ocrx_word' id='word_1_292' title='bbox 2089 1910 2138 1943; x_wconf 85' lang='lat' dir='ltr'>et</span> <span class='ocrx_word' id='word_1_293' title='bbox 2180 1900 2435 1945; x_wconf 87' lang='lat' dir='ltr'>doctiores.</span> <span class='ocrx_word' id='word_1_294' title='bbox 2519 1905 2669 1949; x_wconf 88' lang='lat' dir='ltr'>Erant</span> <span class='ocrx_word' id='word_1_295' title='bbox 2700 1907 2788 1970; x_wconf 63' lang='lat' dir='ltr'>igi-</span> 
     </span>
     <span class='ocr_line' id='line_1_29' title="bbox 192 1965 2789 2040; baseline 0.002 -28"><span class='ocrx_word' id='word_1_296' title='bbox 192 1979 276 2013; x_wconf 86' lang='lat' dir='ltr'>tur</span> <span class='ocrx_word' id='word_1_297' title='bbox 308 1969 571 2028; x_wconf 84' lang='lat' dir='ltr'>scriptores</span> <span class='ocrx_word' id='word_1_298' title='bbox 605 1967 657 2011; x_wconf 91' lang='lat' dir='ltr'>in</span> <span class='ocrx_word' id='word_1_299' title='bbox 699 1968 874 2011; x_wconf 91' lang='lat' dir='ltr'>classes</span> <span class='ocrx_word' id='word_1_300' title='bbox 915 1968 1152 2027; x_wconf 88' lang='lat' dir='ltr'>quasdam</span> <span class='ocrx_word' id='word_1_301' title='bbox 1186 1966 1449 2026; x_wconf 85' lang='lat' dir='ltr'>descripti,</span> <span class='ocrx_word' id='word_1_302' title='bbox 1486 1976 1542 2010; x_wconf 88' lang='lat' dir='ltr'>ut</span> <span class='ocrx_word' id='word_1_303' title='bbox 1576 1966 1660 2025; x_wconf 93' lang='lat' dir='ltr'>qui</span> <span class='ocrx_word' id='word_1_304' title='bbox 1701 1965 1924 2010; x_wconf 86' lang='lat' dir='ltr'>eiusdem</span> <span class='ocrx_word' id='word_1_305' title='bbox 1953 1966 2067 2010; x_wconf 82' lang='lat' dir='ltr'>artis</span> <span class='ocrx_word' id='word_1_306' title='bbox 2102 1967 2337 2025; x_wconf 85' lang='lat' dir='ltr'>fuissent,</span> <span class='ocrx_word' id='word_1_307' title='bbox 2374 1984 2457 2013; x_wconf 89' lang='lat' dir='ltr'>eos</span> <span class='ocrx_word' id='word_1_308' title='bbox 2492 1970 2624 2015; x_wconf 88' lang='lat' dir='ltr'>idem</span> <span class='ocrx_word' id='word_1_309' title='bbox 2650 1971 2789 2040; x_wconf 71' lang='grc' dir='ltr'><strong><em>πίναξ</em></strong></span> 
     </span>
     <span class='ocr_line' id='line_1_30' title="bbox 196 2029 2785 2099; baseline 0.001 -20"><span class='ocrx_word' id='word_1_310' title='bbox 196 2033 658 2095; x_wconf 78' lang='lat' dir='ltr'>comprehenderet.</span> <span class='ocrx_word' id='word_1_311' title='bbox 740 2033 866 2077; x_wconf 88' lang='lat' dir='ltr'>Suus</span> <span class='ocrx_word' id='word_1_312' title='bbox 902 2033 1053 2096; x_wconf 83' lang='lat' dir='ltr'>igitur</span> <span class='ocrx_word' id='word_1_313' title='bbox 1092 2029 1233 2097; x_wconf 73' lang='grc' dir='ltr'><strong><em>πίναξ</em></strong></span> <span class='ocrx_word' id='word_1_314' title='bbox 1268 2042 1371 2077; x_wconf 86' lang='lat' dir='ltr'>erat</span> <span class='ocrx_word' id='word_1_315' title='bbox 1403 2032 1568 2091; x_wconf 79' lang='lat' dir='ltr'>lyricis</span> <span class='ocrx_word' id='word_1_316' title='bbox 1587 2034 1704 2091; x_wconf 79' lang='lat'>6⁶),</span> <span class='ocrx_word' id='word_1_317' title='bbox 1756 2047 1873 2076; x_wconf 91' lang='lat' dir='ltr'>suus</span> <span class='ocrx_word' id='word_1_318' title='bbox 1914 2032 2245 2095; x_wconf 78' lang='lat' dir='ltr'>tragicis67),</span> <span class='ocrx_word' id='word_1_319' title='bbox 2295 2050 2412 2078; x_wconf 89' lang='lat' dir='ltr'>suus</span> <span class='ocrx_word' id='word_1_320' title='bbox 2465 2038 2785 2099; x_wconf 71' lang='lat' dir='ltr'>comicis-⁶8),</span> 
     </span>
     <span class='ocr_line' id='line_1_31' title="bbox 194 2098 2789 2160; baseline -0.001 -16"><span class='ocrx_word' id='word_1_321' title='bbox 194 2101 290 2144; x_wconf 87' lang='lat' dir='ltr'>nisi</span> <span class='ocrx_word' id='word_1_322' title='bbox 324 2115 452 2143; x_wconf 89' lang='lat' dir='ltr'>unus</span> <span class='ocrx_word' id='word_1_323' title='bbox 491 2099 713 2158; x_wconf 86' lang='lat' dir='ltr'>utrisque</span> <span class='ocrx_word' id='word_1_324' title='bbox 728 2102 845 2157; x_wconf 77' lang='lat'>6⁹),</span> <span class='ocrx_word' id='word_1_325' title='bbox 881 2114 998 2143; x_wconf 83' lang='lat' dir='ltr'>suus</span> <span class='ocrx_word' id='word_1_326' title='bbox 1037 2100 1358 2143; x_wconf 86' lang='lat' dir='ltr'>historiarum</span> <span class='ocrx_word' id='word_1_327' title='bbox 1390 2098 1839 2158; x_wconf 79' lang='lat' dir='ltr'>scriptoribus70),</span> <span class='ocrx_word' id='word_1_328' title='bbox 1891 2113 2008 2141; x_wconf 89' lang='lat' dir='ltr'>suus</span> <span class='ocrx_word' id='word_1_329' title='bbox 2045 2099 2353 2159; x_wconf 90' lang='lat' dir='ltr'>philosophis</span> <span class='ocrx_word' id='word_1_330' title='bbox 2370 2102 2486 2160; x_wconf 85' lang='lat'>⁷¹),</span> <span class='ocrx_word' id='word_1_331' title='bbox 2534 2119 2650 2148; x_wconf 92' lang='lat' dir='ltr'>suus</span> <span class='ocrx_word' id='word_1_332' title='bbox 2684 2123 2789 2151; x_wconf 77' lang='lat' dir='ltr'>ora-</span> 
     </span>
     <span class='ocr_line' id='line_1_32' title="bbox 194 2156 2787 2230; baseline 0.003 -20"><span class='ocrx_word' id='word_1_333' title='bbox 194 2167 415 2222; x_wconf 82' lang='lat' dir='ltr'>toribus,</span> <span class='ocrx_word' id='word_1_334' title='bbox 450 2175 600 2224; x_wconf 85' lang='lat' dir='ltr'>atque</span> <span class='ocrx_word' id='word_1_335' title='bbox 626 2165 750 2208; x_wconf 86' lang='lat' dir='ltr'>haec</span> <span class='ocrx_word' id='word_1_336' title='bbox 780 2167 960 2222; x_wconf 79' lang='lat' dir='ltr'>est72)</span> <span class='ocrx_word' id='word_1_337' title='bbox 1009 2156 1247 2229; x_wconf 69' lang='grc' dir='ltr'><strong><em>α’ναγςαρὴ</em></strong></span> <span class='ocrx_word' id='word_1_338' title='bbox 1278 2163 1363 2210; x_wconf 80' lang='grc' dir='ltr'>τῶν</span> <span class='ocrx_word' id='word_1_339' title='bbox 1396 2163 1619 2229; x_wconf 70' lang='grc' dir='ltr'><strong><em>ῥητορικῶν</em></strong></span> <span class='ocrx_word' id='word_1_340' title='bbox 1663 2169 1759 2217; x_wconf 78' lang='lat' dir='ltr'>(sc.</span> <span class='ocrx_word' id='word_1_341' title='bbox 1791 2162 2219 2229; x_wconf 68' lang='grc' dir='ltr'><strong><em>συγγραμμάτων),</em></strong></span> <span class='ocrx_word' id='word_1_342' title='bbox 2257 2181 2374 2210; x_wconf 90' lang='lat' dir='ltr'>suus</span> <span class='ocrx_word' id='word_1_343' title='bbox 2409 2167 2641 2230; x_wconf 88' lang='lat' dir='ltr'>deinceps</span> <span class='ocrx_word' id='word_1_344' title='bbox 2676 2174 2787 2216; x_wconf 78' lang='lat' dir='ltr'>reli-</span> 
     </span>
    </p>
   </div>
   <div class='ocr_carea' id='block_1_7' title="bbox 312 1370 436 1377">
    <p class='ocr_par' dir='ltr' id='par_1_7' title="bbox 312 1370 436 1377">
     <span class='ocr_line' id='line_1_33' title="bbox 312 1370 436 1377; baseline 0 2431"><span class='ocrx_word' id='word_1_345' title='bbox 312 1370 436 1377; x_wconf 95' lang='lat' dir='ltr'> </span> 
     </span>
    </p>
   </div>
   <div class='ocr_carea' id='block_1_8' title="bbox 1002 2265 2782 2283">
    <p class='ocr_par' dir='ltr' id='par_1_8' title="bbox 1002 2265 2782 2283">
     <span class='ocr_line' id='line_1_34' title="bbox 1002 2265 2782 2283; baseline 0 1525"><span class='ocrx_word' id='word_1_346' title='bbox 1002 2265 2782 2283; x_wconf 95' lang='lat' dir='ltr'> </span> 
     </span>
    </p>
   </div>
   <div class='ocr_carea' id='block_1_9' title="bbox 188 2313 2789 3383">
    <p class='ocr_par' dir='ltr' id='par_1_9' title="bbox 188 2313 2789 3383">
     <span class='ocr_line' id='line_1_35' title="bbox 309 2313 2786 2372; baseline 0.002 -23"><span class='ocrx_word' id='word_1_347' title='bbox 309 2318 385 2364; x_wconf 73' lang='grc'>62)</span> <span class='ocrx_word' id='word_1_348' title='bbox 436 2315 646 2355; x_wconf 78' lang='lat' dir='ltr'>Ruhnken.</span> <span class='ocrx_word' id='word_1_349' title='bbox 682 2315 778 2353; x_wconf 65' lang='lat' dir='ltr'>hist.</span> <span class='ocrx_word' id='word_1_350' title='bbox 815 2329 873 2353; x_wconf 91' lang='lat' dir='ltr'>cr.</span> <span class='ocrx_word' id='word_1_351' title='bbox 906 2326 1012 2352; x_wconf 85' lang='lat' dir='ltr'>orat.</span> <span class='ocrx_word' id='word_1_352' title='bbox 1044 2315 1194 2353; x_wconf 75' lang='lat' dir='ltr'>Graec.</span> <span class='ocrx_word' id='word_1_353' title='bbox 1221 2329 1264 2366; x_wconf 88' lang='lat' dir='ltr'>p.</span> <span class='ocrx_word' id='word_1_354' title='bbox 1299 2313 1372 2355; x_wconf 60' lang='lat'>195</span> <span class='ocrx_word' id='word_1_355' title='bbox 1398 2327 1486 2366; x_wconf 85' lang='lat' dir='ltr'>sqq.</span> <span class='ocrx_word' id='word_1_356' title='bbox 1520 2313 1568 2351; x_wconf 77' lang='lat' dir='ltr'>R.</span> <span class='ocrx_word' id='word_1_357' title='bbox 1603 2313 1775 2363; x_wconf 76' lang='lat' dir='ltr'>Spengel</span> <span class='ocrx_word' id='word_1_358' title='bbox 1802 2330 1941 2369; x_wconf 76' lang='lat' dir='ltr'>ovvcty.</span> <span class='ocrx_word' id='word_1_359' title='bbox 1969 2334 2071 2370; x_wconf 71' lang='grc' dir='ltr'><strong><em>τεχν.</em></strong></span> <span class='ocrx_word' id='word_1_360' title='bbox 2100 2319 2164 2358; x_wconf 80' lang='lat'>61.</span> <span class='ocrx_word' id='word_1_361' title='bbox 2195 2330 2285 2369; x_wconf 83' lang='lat' dir='ltr'>sqq.</span> <span class='ocrx_word' id='word_1_362' title='bbox 2434 2320 2486 2366; x_wconf 78' lang='lat' dir='ltr'>a)</span> <span class='ocrx_word' id='word_1_363' title='bbox 2534 2319 2699 2372; x_wconf 70' lang='lat' dir='ltr'>Blenag,</span> <span class='ocrx_word' id='word_1_364' title='bbox 2731 2322 2786 2361; x_wconf 72' lang='lat' dir='ltr'>ad</span> 
     </span>
     <span class='ocr_line' id='line_1_36' title="bbox 193 2366 2784 2428; baseline 0.002 -19"><span class='ocrx_word' id='word_1_365' title='bbox 193 2371 378 2422; x_wconf 73' lang='lat' dir='ltr'>Diogen.</span> <span class='ocrx_word' id='word_1_366' title='bbox 406 2369 500 2416; x_wconf 64' lang='lat' dir='ltr'>Vll,</span> <span class='ocrx_word' id='word_1_367' title='bbox 535 2371 599 2409; x_wconf 81' lang='lat'>34.</span> <span class='ocrx_word' id='word_1_368' title='bbox 723 2370 798 2415; x_wconf 75' lang='lat'>⁶³)</span> <span class='ocrx_word' id='word_1_369' title='bbox 849 2368 1041 2407; x_wconf 75' lang='lat' dir='ltr'>&#39;situlum</span> <span class='ocrx_word' id='word_1_370' title='bbox 1064 2368 1254 2406; x_wconf 84' lang='lat' dir='ltr'>imitatus</span> <span class='ocrx_word' id='word_1_371' title='bbox 1279 2378 1364 2415; x_wconf 84' lang='lat' dir='ltr'>est,</span> <span class='ocrx_word' id='word_1_372' title='bbox 1403 2381 1487 2405; x_wconf 89' lang='lat' dir='ltr'>non</span> <span class='ocrx_word' id='word_1_373' title='bbox 1520 2368 1728 2404; x_wconf 80' lang='lat' dir='ltr'>librorum</span> <span class='ocrx_word' id='word_1_374' title='bbox 1762 2368 1949 2407; x_wconf 84' lang='lat' dir='ltr'>indolem</span> <span class='ocrx_word' id='word_1_375' title='bbox 1986 2366 2027 2409; x_wconf 72' lang='grc' dir='ltr'>εἰ</span> <span class='ocrx_word' id='word_1_376' title='bbox 2057 2369 2257 2419; x_wconf 84' lang='lat' dir='ltr'>formam,</span> <span class='ocrx_word' id='word_1_377' title='bbox 2293 2382 2468 2423; x_wconf 85' lang='lat' dir='ltr'>praeter</span> <span class='ocrx_word' id='word_1_378' title='bbox 2496 2373 2784 2428; x_wconf 79' lang='lat' dir='ltr'>Hermippum</span> 
     </span>
     <span class='ocr_line' id='line_1_37' title="bbox 194 2419 2787 2479; baseline 0.002 -17"><span class='ocrx_word' id='word_1_379' title='bbox 194 2421 496 2475; x_wconf 77' lang='lat' dir='ltr'>Smyrnaeum,</span> <span class='ocrx_word' id='word_1_380' title='bbox 525 2421 581 2461; x_wconf 87' lang='lat' dir='ltr'>de</span> <span class='ocrx_word' id='word_1_381' title='bbox 612 2435 697 2474; x_wconf 89' lang='lat' dir='ltr'>quo</span> <span class='ocrx_word' id='word_1_382' title='bbox 729 2420 842 2460; x_wconf 82' lang='lat' dir='ltr'>infra</span> <span class='ocrx_word' id='word_1_383' title='bbox 872 2421 1065 2460; x_wconf 88' lang='lat' dir='ltr'>dicturus</span> <span class='ocrx_word' id='word_1_384' title='bbox 1096 2435 1203 2468; x_wconf 82' lang='lat' dir='ltr'>sum,</span> <span class='ocrx_word' id='word_1_385' title='bbox 1233 2420 1444 2469; x_wconf 71' lang='lat' dir='ltr'>Hesychius</span> <span class='ocrx_word' id='word_1_386' title='bbox 1465 2419 1661 2465; x_wconf 76' lang='lat' dir='ltr'>Milesius,</span> <span class='ocrx_word' id='word_1_387' title='bbox 1688 2421 1808 2460; x_wconf 87' lang='lat' dir='ltr'>cuius</span> <span class='ocrx_word' id='word_1_388' title='bbox 1829 2423 1936 2460; x_wconf 80' lang='lat' dir='ltr'>liber</span> <span class='ocrx_word' id='word_1_389' title='bbox 1968 2423 2200 2475; x_wconf 86' lang='lat' dir='ltr'>inscriptus</span> <span class='ocrx_word' id='word_1_390' title='bbox 2229 2435 2291 2462; x_wconf 87' lang='lat' dir='ltr'>est</span> <span class='ocrx_word' id='word_1_391' title='bbox 2321 2427 2412 2479; x_wconf 81' lang='grc' dir='ltr'><em>περὶ</em></span> <span class='ocrx_word' id='word_1_392' title='bbox 2442 2430 2525 2467; x_wconf 79' lang='grc' dir='ltr'><strong><em>τῶν</em></strong></span> <span class='ocrx_word' id='word_1_393' title='bbox 2552 2429 2594 2468; x_wconf 81' lang='grc' dir='ltr'><strong><em>ἐν</em></strong></span> <span class='ocrx_word' id='word_1_394' title='bbox 2625 2432 2787 2471; x_wconf 75' lang='grc' dir='ltr'><strong><em>παιδεία</em></strong></span> 
     </span>
     <span class='ocr_line' id='line_1_38' title="bbox 193 2473 2787 2530; baseline 0.002 -21"><span class='ocrx_word' id='word_1_395' title='bbox 193 2475 518 2529; x_wconf 64' lang='grc' dir='ltr'>διαλαμψάνῑων</span> <span class='ocrx_word' id='word_1_396' title='bbox 548 2479 708 2526; x_wconf 68' lang='grc' dir='ltr'><strong><em>σοφῶν,</em></strong></span> <span class='ocrx_word' id='word_1_397' title='bbox 801 2477 876 2521; x_wconf 82' lang='lat'>⁶⁴)</span> <span class='ocrx_word' id='word_1_398' title='bbox 904 2475 1139 2526; x_wconf 81' lang='lat' dir='ltr'>Polymath.</span> <span class='ocrx_word' id='word_1_399' title='bbox 1161 2489 1195 2513; x_wconf 88' lang='lat' dir='ltr'>c.</span> <span class='ocrx_word' id='word_1_400' title='bbox 1219 2476 1280 2514; x_wconf 90' lang='lat'>16.</span> <span class='ocrx_word' id='word_1_401' title='bbox 1377 2475 1454 2523; x_wconf 82' lang='lat'>⁶⁵)</span> <span class='ocrx_word' id='word_1_402' title='bbox 1488 2473 1555 2511; x_wconf 78' lang='lat' dir='ltr'>Ad</span> <span class='ocrx_word' id='word_1_403' title='bbox 1586 2473 1833 2514; x_wconf 72' lang='lat' dir='ltr'>callimach.</span> <span class='ocrx_word' id='word_1_404' title='bbox 1861 2475 2013 2526; x_wconf 73' lang='lat' dir='ltr'>fragm.</span> <span class='ocrx_word' id='word_1_405' title='bbox 2043 2490 2082 2527; x_wconf 83' lang='lat' dir='ltr'>p.</span> <span class='ocrx_word' id='word_1_406' title='bbox 2108 2477 2186 2517; x_wconf 75' lang='lat'>470</span> <span class='ocrx_word' id='word_1_407' title='bbox 2217 2477 2283 2515; x_wconf 82' lang='lat' dir='ltr'>ed.</span> <span class='ocrx_word' id='word_1_408' title='bbox 2307 2479 2465 2518; x_wconf 65' lang='lat' dir='ltr'>ernest.</span> <span class='ocrx_word' id='word_1_409' title='bbox 2554 2478 2630 2530; x_wconf 83' lang='lat'>⁶⁶)</span> <span class='ocrx_word' id='word_1_410' title='bbox 2659 2474 2787 2521; x_wconf 72' lang='lat' dir='ltr'>Refe&#39;.</span> 
     </span>
     <span class='ocr_line' id='line_1_39' title="bbox 196 2526 2784 2582; baseline 0 -12"><span class='ocrx_word' id='word_1_411' title='bbox 196 2546 245 2570; x_wconf 83' lang='lat' dir='ltr'>ro</span> <span class='ocrx_word' id='word_1_412' title='bbox 270 2532 379 2578; x_wconf 84' lang='lat' dir='ltr'>huc,</span> <span class='ocrx_word' id='word_1_413' title='bbox 417 2528 531 2582; x_wconf 90' lang='lat' dir='ltr'>quod</span> <span class='ocrx_word' id='word_1_414' title='bbox 567 2530 693 2568; x_wconf 82' lang='lat' dir='ltr'>Schol.</span> <span class='ocrx_word' id='word_1_415' title='bbox 720 2526 825 2567; x_wconf 78' lang='lat' dir='ltr'>Pind</span> <span class='ocrx_word' id='word_1_416' title='bbox 868 2528 1043 2581; x_wconf 80' lang='lat' dir='ltr'>Pyth.11</span> <span class='ocrx_word' id='word_1_417' title='bbox 1069 2528 1161 2568; x_wconf 85' lang='lat' dir='ltr'>init.</span> <span class='ocrx_word' id='word_1_418' title='bbox 1188 2528 1270 2566; x_wconf 85' lang='lat' dir='ltr'>hoc</span> <span class='ocrx_word' id='word_1_419' title='bbox 1294 2540 1494 2576; x_wconf 78' lang='lat' dir='ltr'>carmen,</span> <span class='ocrx_word' id='word_1_420' title='bbox 1555 2526 1666 2579; x_wconf 82' lang='lat' dir='ltr'>quod</span> <span class='ocrx_word' id='word_1_421' title='bbox 1699 2541 1812 2566; x_wconf 88' lang='lat' dir='ltr'>nunc</span> <span class='ocrx_word' id='word_1_422' title='bbox 1842 2529 2076 2567; x_wconf 80' lang='lat' dir='ltr'>secundum</span> <span class='ocrx_word' id='word_1_423' title='bbox 2110 2540 2169 2567; x_wconf 78' lang='lat' dir='ltr'>est</span> <span class='ocrx_word' id='word_1_424' title='bbox 2196 2530 2473 2580; x_wconf 80' lang='lat' dir='ltr'>Pythiorum‚</span> <span class='ocrx_word' id='word_1_425' title='bbox 2517 2532 2784 2573; x_wconf 80' lang='lat' dir='ltr'>Nemeaeum</span> 
     </span>
     <span class='ocr_line' id='line_1_40' title="bbox 196 2579 2786 2635; baseline 0 -12"><span class='ocrx_word' id='word_1_426' title='bbox 196 2585 333 2629; x_wconf 69' lang='lat' dir='ltr'>voluit</span> <span class='ocrx_word' id='word_1_427' title='bbox 364 2597 466 2623; x_wconf 82' lang='lat' dir='ltr'>esse.</span> <span class='ocrx_word' id='word_1_428' title='bbox 533 2582 588 2622; x_wconf 83' lang='lat' dir='ltr'>Cf</span> <span class='ocrx_word' id='word_1_429' title='bbox 630 2582 799 2623; x_wconf 77' lang='lat' dir='ltr'>Boecklt.</span> <span class='ocrx_word' id='word_1_430' title='bbox 827 2581 959 2621; x_wconf 72' lang='lat' dir='ltr'>praef.</span> <span class='ocrx_word' id='word_1_431' title='bbox 988 2580 1041 2619; x_wconf 89' lang='lat' dir='ltr'>ad</span> <span class='ocrx_word' id='word_1_432' title='bbox 1063 2581 1191 2620; x_wconf 85' lang='lat' dir='ltr'>schol.</span> <span class='ocrx_word' id='word_1_433' title='bbox 1216 2596 1258 2631; x_wconf 87' lang='lat' dir='ltr'>p.</span> <span class='ocrx_word' id='word_1_434' title='bbox 1286 2582 1334 2620; x_wconf 90' lang='lat' dir='ltr'>X.</span> <span class='ocrx_word' id='word_1_435' title='bbox 1475 2580 1551 2626; x_wconf 81' lang='lat'>⁶⁷)</span> <span class='ocrx_word' id='word_1_436' title='bbox 1606 2579 1715 2618; x_wconf 83' lang='lat' dir='ltr'>Hinc</span> <span class='ocrx_word' id='word_1_437' title='bbox 1754 2581 1935 2633; x_wconf 80' lang='lat' dir='ltr'>petitum</span> <span class='ocrx_word' id='word_1_438' title='bbox 1969 2584 2179 2631; x_wconf 83' lang='lat' dir='ltr'>arbitror,</span> <span class='ocrx_word' id='word_1_439' title='bbox 2221 2583 2333 2634; x_wconf 82' lang='lat' dir='ltr'>quod</span> <span class='ocrx_word' id='word_1_440' title='bbox 2363 2584 2488 2624; x_wconf 77' lang='lat' dir='ltr'>habet</span> <span class='ocrx_word' id='word_1_441' title='bbox 2520 2584 2714 2635; x_wconf 68' lang='lat' dir='ltr'>Har-puer.</span> <span class='ocrx_word' id='word_1_442' title='bbox 2749 2604 2786 2629; x_wconf 81' lang='lat' dir='ltr'>v,</span> 
     </span>
     <span class='ocr_line' id='line_1_41' title="bbox 188 2631 2789 2695; baseline 0.005 -23"><span class='ocrx_word' id='word_1_443' title='bbox 188 2639 309 2679; x_wconf 76' lang='grc' dir='ltr'><strong><em>Ἴων,</em></strong></span> <span class='ocrx_word' id='word_1_444' title='bbox 341 2658 389 2666; x_wconf 92' lang='lat'><em>-</em></span> <span class='ocrx_word' id='word_1_445' title='bbox 446 2639 597 2690; x_wconf 75' lang='grc' dir='ltr'>ἔγραψε</span> <span class='ocrx_word' id='word_1_446' title='bbox 618 2636 659 2678; x_wconf 78' lang='grc' dir='ltr'>δὲ</span> <span class='ocrx_word' id='word_1_447' title='bbox 685 2638 752 2678; x_wconf 79' lang='grc' dir='ltr'>καὶ</span> <span class='ocrx_word' id='word_1_448' title='bbox 777 2633 1012 2688; x_wconf 79' lang='grc' dir='ltr'><strong><em>φιλόσοφόν</em></strong></span> <span class='ocrx_word' id='word_1_449' title='bbox 1036 2653 1071 2677; x_wconf 86' lang='grc' dir='ltr'><strong><em>τι</em></strong></span> <span class='ocrx_word' id='word_1_450' title='bbox 1098 2634 1361 2690; x_wconf 78' lang='grc' dir='ltr'><strong><em>σύγγραμμα,</em></strong></span> <span class='ocrx_word' id='word_1_451' title='bbox 1389 2631 1461 2676; x_wconf 77' lang='grc' dir='ltr'><strong><em>τόν</em></strong></span> <span class='ocrx_word' id='word_1_452' title='bbox 1493 2633 1698 2688; x_wconf 81' lang='grc' dir='ltr'><strong><em>Τριαγμὸν</em></strong></span> <span class='ocrx_word' id='word_1_453' title='bbox 1725 2633 2072 2691; x_wconf 72' lang='grc' dir='ltr'><strong><em>ἐπιγραφόμενον,</em></strong></span> <span class='ocrx_word' id='word_1_454' title='bbox 2112 2634 2209 2689; x_wconf 78' lang='grc' dir='ltr'>ὅπερ</span> <span class='ocrx_word' id='word_1_455' title='bbox 2234 2640 2486 2692; x_wconf 71' lang='grc' dir='ltr'>Καλλίμαχος</span> <span class='ocrx_word' id='word_1_456' title='bbox 2509 2640 2789 2695; x_wconf 78' lang='grc' dir='ltr'><strong><em>α’ντιλέγεσθαί</em></strong></span> 
     </span>
     <span class='ocr_line' id='line_1_42' title="bbox 194 2687 2787 2745; baseline -0 -12"><span class='ocrx_word' id='word_1_457' title='bbox 194 2707 327 2743; x_wconf 73' lang='grc' dir='ltr'><strong><em>φησιν</em></strong></span> <span class='ocrx_word' id='word_1_458' title='bbox 362 2687 416 2739; x_wconf 80' lang='grc' dir='ltr'>ὥς</span> <span class='ocrx_word' id='word_1_459' title='bbox 439 2689 698 2745; x_wconf 81' lang='grc' dir='ltr'><strong><em>Ἐπιγένους.</em></strong></span> <span class='ocrx_word' id='word_1_460' title='bbox 785 2690 849 2730; x_wconf 76' lang='lat' dir='ltr'>De</span> <span class='ocrx_word' id='word_1_461' title='bbox 875 2693 956 2729; x_wconf 75' lang='lat' dir='ltr'>lioc</span> <span class='ocrx_word' id='word_1_462' title='bbox 980 2688 1280 2743; x_wconf 80' lang='lat' dir='ltr'>philosophico</span> <span class='ocrx_word' id='word_1_463' title='bbox 1314 2690 1447 2733; x_wconf 84' lang='lat' dir='ltr'>libro,</span> <span class='ocrx_word' id='word_1_464' title='bbox 1487 2689 1558 2740; x_wconf 86' lang='lat' dir='ltr'>qui</span> <span class='ocrx_word' id='word_1_465' title='bbox 1586 2690 1772 2743; x_wconf 75' lang='grc' dir='ltr'><strong><em>τριαγμοὶ</em></strong></span> <span class='ocrx_word' id='word_1_466' title='bbox 1806 2691 1959 2741; x_wconf 78' lang='lat' dir='ltr'>plurali</span> <span class='ocrx_word' id='word_1_467' title='bbox 1992 2704 2174 2729; x_wconf 88' lang='lat' dir='ltr'>numero</span> <span class='ocrx_word' id='word_1_468' title='bbox 2203 2693 2254 2727; x_wconf 86' lang='lat' dir='ltr'>ab</span> <span class='ocrx_word' id='word_1_469' title='bbox 2285 2693 2376 2729; x_wconf 87' lang='lat' dir='ltr'>aliis</span> <span class='ocrx_word' id='word_1_470' title='bbox 2408 2693 2680 2741; x_wconf 77' lang='lat' dir='ltr'>inscribitur,</span> <span class='ocrx_word' id='word_1_471' title='bbox 2732 2697 2787 2737; x_wconf 80' lang='lat' dir='ltr'>cf,</span> 
     </span>
     <span class='ocr_line' id='line_1_43' title="bbox 195 2743 2787 2795; baseline 0.003 -15"><span class='ocrx_word' id='word_1_472' title='bbox 195 2745 444 2794; x_wconf 62' lang='lat' dir='ltr'>„Nieberding</span> <span class='ocrx_word' id='word_1_473' title='bbox 475 2747 527 2783; x_wconf 87' lang='lat' dir='ltr'>de</span> <span class='ocrx_word' id='word_1_474' title='bbox 562 2748 646 2782; x_wconf 88' lang='lat' dir='ltr'>Ion.</span> <span class='ocrx_word' id='word_1_475' title='bbox 669 2743 769 2783; x_wconf 86' lang='lat' dir='ltr'>Chii</span> <span class='ocrx_word' id='word_1_476' title='bbox 810 2748 881 2781; x_wconf 83' lang='lat' dir='ltr'>vit.</span> <span class='ocrx_word' id='word_1_477' title='bbox 912 2756 991 2783; x_wconf 85' lang='lat' dir='ltr'>etc.</span> <span class='ocrx_word' id='word_1_478' title='bbox 1017 2757 1060 2795; x_wconf 81' lang='lat' dir='ltr'>p.</span> <span class='ocrx_word' id='word_1_479' title='bbox 1081 2746 1145 2784; x_wconf 82' lang='lat'>95.</span> <span class='ocrx_word' id='word_1_480' title='bbox 1203 2743 1395 2781; x_wconf 80' lang='lat' dir='ltr'>Fortasse</span> <span class='ocrx_word' id='word_1_481' title='bbox 1431 2752 1574 2779; x_wconf 79' lang='lat' dir='ltr'>autem</span> <span class='ocrx_word' id='word_1_482' title='bbox 1614 2746 1741 2780; x_wconf 85' lang='lat' dir='ltr'>etiam</span> <span class='ocrx_word' id='word_1_483' title='bbox 1770 2743 1851 2781; x_wconf 90' lang='lat' dir='ltr'>hoe</span> <span class='ocrx_word' id='word_1_484' title='bbox 1887 2745 2030 2795; x_wconf 86' lang='lat' dir='ltr'>posuit</span> <span class='ocrx_word' id='word_1_485' title='bbox 2058 2743 2342 2784; x_wconf 83' lang='lat' dir='ltr'>Callimachus</span> <span class='ocrx_word' id='word_1_486' title='bbox 2362 2744 2404 2784; x_wconf 87' lang='lat' dir='ltr'>in</span> <span class='ocrx_word' id='word_1_487' title='bbox 2430 2746 2702 2794; x_wconf 73' lang='lat' dir='ltr'>choliamliis,</span> <span class='ocrx_word' id='word_1_488' title='bbox 2741 2751 2787 2790; x_wconf 82' lang='lat' dir='ltr'>in</span> 
     </span>
     <span class='ocr_line' id='line_1_44' title="bbox 196 2793 2788 2854; baseline 0 -20"><span class='ocrx_word' id='word_1_489' title='bbox 196 2800 353 2851; x_wconf 75' lang='lat' dir='ltr'>quibus</span> <span class='ocrx_word' id='word_1_490' title='bbox 375 2797 485 2834; x_wconf 72' lang='lat' dir='ltr'>lonis</span> <span class='ocrx_word' id='word_1_491' title='bbox 510 2809 627 2837; x_wconf 79' lang='lat' dir='ltr'>certe</span> <span class='ocrx_word' id='word_1_492' title='bbox 657 2807 704 2835; x_wconf 85' lang='lat' dir='ltr'>ut</span> <span class='ocrx_word' id='word_1_493' title='bbox 723 2800 1103 2852; x_wconf 76' lang='grc' dir='ltr'>πολυγραφωτάτου</span> <span class='ocrx_word' id='word_1_494' title='bbox 1126 2795 1388 2834; x_wconf 84' lang='lat' dir='ltr'>mentionem</span> <span class='ocrx_word' id='word_1_495' title='bbox 1418 2793 1570 2832; x_wconf 82' lang='lat' dir='ltr'>factam</span> <span class='ocrx_word' id='word_1_496' title='bbox 1593 2809 1684 2834; x_wconf 79' lang='lat' dir='ltr'>esse</span> <span class='ocrx_word' id='word_1_497' title='bbox 1707 2796 1846 2833; x_wconf 78' lang='lat' dir='ltr'>suidas</span> <span class='ocrx_word' id='word_1_498' title='bbox 1873 2811 1910 2837; x_wconf 81' lang='lat' dir='ltr'>v.</span> <span class='ocrx_word' id='word_1_499' title='bbox 1933 2795 2326 2851; x_wconf 75' lang='grc' dir='ltr'><strong><em>διθυραμβοδιὸιὶσκ,</em></strong></span> <span class='ocrx_word' id='word_1_500' title='bbox 2351 2802 2519 2851; x_wconf 78' lang='lat' dir='ltr'>probat.</span> <span class='ocrx_word' id='word_1_501' title='bbox 2614 2804 2693 2854; x_wconf 73' lang='lat'>⁶8)</span> <span class='ocrx_word' id='word_1_502' title='bbox 2727 2805 2788 2844; x_wconf 71' lang='lat' dir='ltr'>Ex</span> 
     </span>
     <span class='ocr_line' id='line_1_45' title="bbox 195 2848 2787 2904; baseline 0.002 -15"><span class='ocrx_word' id='word_1_503' title='bbox 195 2853 279 2891; x_wconf 84' lang='lat' dir='ltr'>hoc</span> <span class='ocrx_word' id='word_1_504' title='bbox 305 2851 437 2902; x_wconf 79' lang='lat' dir='ltr'>petita</span> <span class='ocrx_word' id='word_1_505' title='bbox 468 2861 589 2893; x_wconf 83' lang='lat' dir='ltr'>sunt,</span> <span class='ocrx_word' id='word_1_506' title='bbox 615 2864 723 2901; x_wconf 79' lang='lat' dir='ltr'>quae</span> <span class='ocrx_word' id='word_1_507' title='bbox 744 2851 903 2890; x_wconf 85' lang='lat' dir='ltr'>habent</span> <span class='ocrx_word' id='word_1_508' title='bbox 929 2848 1153 2888; x_wconf 76' lang='lat' dir='ltr'>Athenaeus</span> <span class='ocrx_word' id='word_1_509' title='bbox 1191 2848 1310 2895; x_wconf 75' lang='lat' dir='ltr'>Vnt,</span> <span class='ocrx_word' id='word_1_510' title='bbox 1338 2850 1441 2892; x_wconf 79' lang='lat'><strong>336,</strong></span> <span class='ocrx_word' id='word_1_511' title='bbox 1472 2861 1504 2886; x_wconf 81' lang='lat' dir='ltr'>e·</span> <span class='ocrx_word' id='word_1_512' title='bbox 1530 2848 1584 2886; x_wconf 81' lang='lat' dir='ltr'>de</span> <span class='ocrx_word' id='word_1_513' title='bbox 1607 2852 1829 2887; x_wconf 73' lang='lat' dir='ltr'>comoedi-1</span> <span class='ocrx_word' id='word_1_514' title='bbox 1862 2851 2055 2889; x_wconf 75' lang='lat' dir='ltr'>Alexidis</span> <span class='ocrx_word' id='word_1_515' title='bbox 2080 2850 2474 2904; x_wconf 77' lang='grc' dir='ltr'>ἄσωτοὸιόἇσκαλος,</span> <span class='ocrx_word' id='word_1_516' title='bbox 2501 2855 2580 2904; x_wconf 84' lang='grc' dir='ltr'>ΧΙ,</span> <span class='ocrx_word' id='word_1_517' title='bbox 2618 2856 2695 2898; x_wconf 83' lang='grc'>496</span> <span class='ocrx_word' id='word_1_518' title='bbox 2732 2857 2787 2895; x_wconf 81' lang='lat' dir='ltr'>de</span> 
     </span>
     <span class='ocr_line' id='line_1_46' title="bbox 194 2900 2788 2961; baseline 0.002 -18"><span class='ocrx_word' id='word_1_519' title='bbox 194 2904 341 2943; x_wconf 78' lang='lat' dir='ltr'>fabula</span> <span class='ocrx_word' id='word_1_520' title='bbox 370 2901 534 2954; x_wconf 85' lang='lat' dir='ltr'>Diphili</span> <span class='ocrx_word' id='word_1_521' title='bbox 566 2903 807 2957; x_wconf 68' lang='grc' dir='ltr'><strong><em>Εὖγοῦχος,</em></strong></span> <span class='ocrx_word' id='word_1_522' title='bbox 850 2904 974 2940; x_wconf 75' lang='lat' dir='ltr'>schot.</span> <span class='ocrx_word' id='word_1_523' title='bbox 1006 2902 1208 2950; x_wconf 77' lang='lat' dir='ltr'>Aristoph.</span> <span class='ocrx_word' id='word_1_524' title='bbox 1237 2902 1352 2941; x_wconf 86' lang='lat' dir='ltr'>Nub.</span> <span class='ocrx_word' id='word_1_525' title='bbox 1384 2904 1474 2941; x_wconf 85' lang='lat'>579.</span> <span class='ocrx_word' id='word_1_526' title='bbox 1502 2900 1555 2940; x_wconf 84' lang='lat' dir='ltr'>de</span> <span class='ocrx_word' id='word_1_527' title='bbox 1583 2901 1776 2939; x_wconf 86' lang='lat' dir='ltr'>Nubium</span> <span class='ocrx_word' id='word_1_528' title='bbox 1807 2903 2048 2943; x_wconf 80' lang='lat' dir='ltr'>didascaliis</span> <span class='ocrx_word' id='word_1_529' title='bbox 2086 2916 2127 2943; x_wconf 90' lang='lat' dir='ltr'>et</span> <span class='ocrx_word' id='word_1_530' title='bbox 2160 2904 2338 2943; x_wconf 81' lang='lat' dir='ltr'>fortasse</span> <span class='ocrx_word' id='word_1_531' title='bbox 2365 2909 2491 2945; x_wconf 85' lang='lat' dir='ltr'>etiam</span> <span class='ocrx_word' id='word_1_532' title='bbox 2525 2922 2634 2960; x_wconf 84' lang='lat' dir='ltr'>quae</span> <span class='ocrx_word' id='word_1_533' title='bbox 2668 2909 2788 2961; x_wconf 79' lang='lat' dir='ltr'>apud</span> 
     </span>
     <span class='ocr_line' id='line_1_47' title="bbox 194 2954 2786 3014; baseline 0.002 -20"><span class='ocrx_word' id='word_1_534' title='bbox 194 2955 469 2994; x_wconf 78' lang='lat' dir='ltr'>Ptolemaeum</span> <span class='ocrx_word' id='word_1_535' title='bbox 498 2955 817 3004; x_wconf 80' lang='lat' dir='ltr'>Hephaestionem</span> <span class='ocrx_word' id='word_1_536' title='bbox 844 2966 992 2995; x_wconf 77' lang='lat' dir='ltr'>extant</span> <span class='ocrx_word' id='word_1_537' title='bbox 1017 2969 1085 3007; x_wconf 82' lang='lat' dir='ltr'>ap.</span> <span class='ocrx_word' id='word_1_538' title='bbox 1113 2955 1243 2994; x_wconf 83' lang='lat' dir='ltr'>Bentl.</span> <span class='ocrx_word' id='word_1_539' title='bbox 1277 2968 1318 3006; x_wconf 87' lang='lat' dir='ltr'>p.</span> <span class='ocrx_word' id='word_1_540' title='bbox 1348 2954 1438 2995; x_wconf 82' lang='lat'><strong>470.</strong></span> <span class='ocrx_word' id='word_1_541' title='bbox 1559 2956 1638 3003; x_wconf 82' lang='lat'>⁶⁹)</span> <span class='ocrx_word' id='word_1_542' title='bbox 1676 2956 1722 2994; x_wconf 86' lang='lat' dir='ltr'>Id</span> <span class='ocrx_word' id='word_1_543' title='bbox 1753 2955 1993 2995; x_wconf 80' lang='lat' dir='ltr'>credideris</span> <span class='ocrx_word' id='word_1_544' title='bbox 2015 2967 2196 3010; x_wconf 86' lang='lat' dir='ltr'>propter</span> <span class='ocrx_word' id='word_1_545' title='bbox 2218 2957 2475 3011; x_wconf 84' lang='lat' dir='ltr'>singularem</span> <span class='ocrx_word' id='word_1_546' title='bbox 2502 2973 2632 3013; x_wconf 84' lang='lat' dir='ltr'>supra</span> <span class='ocrx_word' id='word_1_547' title='bbox 2660 2961 2786 3014; x_wconf 83' lang='lat' dir='ltr'>positi</span> 
     </span>
     <span class='ocr_line' id='line_1_48' title="bbox 195 3007 2786 3063; baseline -0.001 -11"><span class='ocrx_word' id='word_1_548' title='bbox 195 3013 320 3060; x_wconf 79' lang='grc' dir='ltr'><strong><em>πίναξ</em></strong></span> <span class='ocrx_word' id='word_1_549' title='bbox 346 3013 430 3050; x_wconf 80' lang='grc' dir='ltr'><strong><em>τῶν</em></strong></span> <span class='ocrx_word' id='word_1_550' title='bbox 459 3011 752 3061; x_wconf 72' lang='grc' dir='ltr'>διδασκαλιῶν,</span> <span class='ocrx_word' id='word_1_551' title='bbox 780 3011 855 3050; x_wconf 81' lang='lat' dir='ltr'>sed</span> <span class='ocrx_word' id='word_1_552' title='bbox 912 3010 1089 3048; x_wconf 84' lang='lat' dir='ltr'>luralem</span> <span class='ocrx_word' id='word_1_553' title='bbox 1114 3010 1156 3046; x_wconf 94' lang='lat' dir='ltr'>in</span> <span class='ocrx_word' id='word_1_554' title='bbox 1185 3009 1337 3047; x_wconf 85' lang='lat' dir='ltr'>eadem</span> <span class='ocrx_word' id='word_1_555' title='bbox 1366 3021 1413 3046; x_wconf 88' lang='lat' dir='ltr'>re</span> <span class='ocrx_word' id='word_1_556' title='bbox 1437 3007 1563 3045; x_wconf 75' lang='lat' dir='ltr'>babet</span> <span class='ocrx_word' id='word_1_557' title='bbox 1587 3007 1730 3060; x_wconf 82' lang='lat' dir='ltr'>Etym.</span> <span class='ocrx_word' id='word_1_558' title='bbox 1760 3009 1814 3047; x_wconf 88' lang='grc' dir='ltr'>Μ.</span> <span class='ocrx_word' id='word_1_559' title='bbox 1845 3012 1935 3051; x_wconf 79' lang='grc'><strong>672.</strong></span> <span class='ocrx_word' id='word_1_560' title='bbox 1958 3012 2020 3052; x_wconf 74' lang='grc'>28.</span> <span class='ocrx_word' id='word_1_561' title='bbox 2041 3009 2105 3049; x_wconf 86' lang='lat' dir='ltr'>Cf.</span> <span class='ocrx_word' id='word_1_562' title='bbox 2126 3008 2237 3048; x_wconf 81' lang='lat' dir='ltr'>infra</span> <span class='ocrx_word' id='word_1_563' title='bbox 2257 3021 2343 3051; x_wconf 87' lang='lat' dir='ltr'>not.</span> <span class='ocrx_word' id='word_1_564' title='bbox 2368 3015 2433 3054; x_wconf 89' lang='lat'>97.</span> <span class='ocrx_word' id='word_1_565' title='bbox 2465 3014 2696 3063; x_wconf 83' lang='lat' dir='ltr'>Ceterum,</span> <span class='ocrx_word' id='word_1_566' title='bbox 2727 3016 2786 3052; x_wconf 81' lang='lat' dir='ltr'>ni-</span> 
     </span>
     <span class='ocr_line' id='line_1_49' title="bbox 196 3060 2782 3119; baseline -0.001 -16"><span class='ocrx_word' id='word_1_567' title='bbox 196 3066 231 3104; x_wconf 72' lang='lat' dir='ltr'>Si</span> <span class='ocrx_word' id='word_1_568' title='bbox 257 3066 538 3103; x_wconf 66' lang='lat' dir='ltr'>vehementer</span> <span class='ocrx_word' id='word_1_569' title='bbox 570 3061 717 3111; x_wconf 73' lang='lat' dir='ltr'>fallor,</span> <span class='ocrx_word' id='word_1_570' title='bbox 749 3077 851 3116; x_wconf 73' lang='lat' dir='ltr'>quas</span> <span class='ocrx_word' id='word_1_571' title='bbox 904 3063 1023 3102; x_wconf 73' lang='lat' dir='ltr'>uides</span> <span class='ocrx_word' id='word_1_572' title='bbox 1048 3062 1313 3101; x_wconf 66' lang='lat' dir='ltr'>Callimacho</span> <span class='ocrx_word' id='word_1_573' title='bbox 1335 3060 1487 3099; x_wconf 78' lang='lat' dir='ltr'>tribuit</span> <span class='ocrx_word' id='word_1_574' title='bbox 1516 3065 1771 3119; x_wconf 67' lang='grc' dir='ltr'>Τραγῳδίας,</span> <span class='ocrx_word' id='word_1_575' title='bbox 1802 3064 2051 3116; x_wconf 54' lang='grc' dir='ltr'><strong><em>Κωμῳδίας,</em></strong></span> <span class='ocrx_word' id='word_1_576' title='bbox 2080 3064 2289 3118; x_wconf 72' lang='grc' dir='ltr'><strong><em>Σατυρικά</em></strong></span> <span class='ocrx_word' id='word_1_577' title='bbox 2306 3063 2525 3118; x_wconf 63' lang='grc' dir='ltr'>Δράμαῑα,</span> <span class='ocrx_word' id='word_1_578' title='bbox 2555 3067 2675 3118; x_wconf 68' lang='grc' dir='ltr'>Μέλη</span> <span class='ocrx_word' id='word_1_579' title='bbox 2699 3081 2782 3105; x_wconf 87' lang='lat' dir='ltr'>non</span> 
     </span>
     <span class='ocr_line' id='line_1_50' title="bbox 197 3113 2783 3169; baseline 0.002 -15"><span class='ocrx_word' id='word_1_580' title='bbox 197 3126 296 3155; x_wconf 86' lang='lat' dir='ltr'>sunt</span> <span class='ocrx_word' id='word_1_581' title='bbox 315 3117 395 3154; x_wconf 76' lang='lat' dir='ltr'>nisi</span> <span class='ocrx_word' id='word_1_582' title='bbox 423 3115 747 3167; x_wconf 78' lang='lat' dir='ltr'>tragoediarum</span> <span class='ocrx_word' id='word_1_583' title='bbox 765 3146 775 3163; x_wconf 84' lang='lat'><strong>‚</strong></span> <span class='ocrx_word' id='word_1_584' title='bbox 805 3116 1154 3163; x_wconf 76' lang='lat' dir='ltr'>comoediarum,</span> <span class='ocrx_word' id='word_1_585' title='bbox 1182 3113 1423 3153; x_wconf 81' lang='lat' dir='ltr'>fabularum</span> <span class='ocrx_word' id='word_1_586' title='bbox 1443 3119 1724 3166; x_wconf 78' lang='lat' dir='ltr'>satyricarum</span> <span class='ocrx_word' id='word_1_587' title='bbox 1752 3127 1792 3155; x_wconf 85' lang='lat' dir='ltr'>et</span> <span class='ocrx_word' id='word_1_588' title='bbox 1818 3119 2051 3167; x_wconf 88' lang='lat' dir='ltr'>lyricorum</span> <span class='ocrx_word' id='word_1_589' title='bbox 2074 3121 2312 3156; x_wconf 82' lang='lat' dir='ltr'>carminum</span> <span class='ocrx_word' id='word_1_590' title='bbox 2335 3121 2498 3157; x_wconf 73' lang='lat' dir='ltr'>tabulae.</span> <span class='ocrx_word' id='word_1_591' title='bbox 2559 3120 2625 3169; x_wconf 80' lang='lat'>⁷0)</span> <span class='ocrx_word' id='word_1_592' title='bbox 2642 3120 2783 3161; x_wconf 81' lang='lat' dir='ltr'>Athen.</span> 
     </span>
     <span class='ocr_line' id='line_1_51' title="bbox 195 3164 2781 3225; baseline 0.001 -17"><span class='ocrx_word' id='word_1_593' title='bbox 195 3171 255 3214; x_wconf 83' lang='lat'>11,</span> <span class='ocrx_word' id='word_1_594' title='bbox 285 3173 364 3215; x_wconf 80' lang='lat'>70,</span> <span class='ocrx_word' id='word_1_595' title='bbox 394 3183 433 3208; x_wconf 71' lang='lat' dir='ltr'>a.</span> <span class='ocrx_word' id='word_1_596' title='bbox 467 3174 521 3206; x_wconf 77' lang='lat' dir='ltr'>ab</span> <span class='ocrx_word' id='word_1_597' title='bbox 552 3169 815 3207; x_wconf 74' lang='lat' dir='ltr'>Callimacho</span> <span class='ocrx_word' id='word_1_598' title='bbox 849 3165 1142 3217; x_wconf 68' lang='lat' dir='ltr'>tradit’Aotag</span> <span class='ocrx_word' id='word_1_599' title='bbox 1171 3164 1412 3223; x_wconf 74' lang='grc' dir='ltr'><strong><em>περιήγησιν</em></strong></span> <span class='ocrx_word' id='word_1_600' title='bbox 1437 3166 1492 3205; x_wconf 77' lang='lat' dir='ltr'>ad</span> <span class='ocrx_word' id='word_1_601' title='bbox 1520 3168 1779 3208; x_wconf 80' lang='lat' dir='ltr'>Hecataeum</span> <span class='ocrx_word' id='word_1_602' title='bbox 1812 3170 2050 3207; x_wconf 72' lang='lat' dir='ltr'>insulanum</span> <span class='ocrx_word' id='word_1_603' title='bbox 2105 3169 2373 3224; x_wconf 85' lang='grc' dir='ltr'><strong><em>(νησιώτην)</em></strong></span> <span class='ocrx_word' id='word_1_604' title='bbox 2423 3171 2605 3219; x_wconf 68' lang='lat' dir='ltr'>referri,</span> <span class='ocrx_word' id='word_1_605' title='bbox 2656 3187 2781 3225; x_wconf 71' lang='lat' dir='ltr'>quom</span> 
     </span>
     <span class='ocr_line' id='line_1_52' title="bbox 196 3222 2783 3277; baseline -0 -16"><span class='ocrx_word' id='word_1_606' title='bbox 196 3222 269 3261; x_wconf 76' lang='lat' dir='ltr'>alii</span> <span class='ocrx_word' id='word_1_607' title='bbox 294 3224 506 3261; x_wconf 72' lang='lat' dir='ltr'>Hecataeo</span> <span class='ocrx_word' id='word_1_608' title='bbox 530 3223 699 3262; x_wconf 81' lang='lat' dir='ltr'>Milesio</span> <span class='ocrx_word' id='word_1_609' title='bbox 722 3222 925 3262; x_wconf 79' lang='lat' dir='ltr'>tribuant.</span> <span class='ocrx_word' id='word_1_610' title='bbox 1013 3223 1090 3273; x_wconf 79' lang='lat'>⁷¹)</span> <span class='ocrx_word' id='word_1_611' title='bbox 1123 3222 1216 3261; x_wconf 82' lang='lat' dir='ltr'>Huc</span> <span class='ocrx_word' id='word_1_612' title='bbox 1246 3223 1412 3269; x_wconf 75' lang='lat' dir='ltr'>refero,</span> <span class='ocrx_word' id='word_1_613' title='bbox 1442 3223 1557 3274; x_wconf 88' lang='lat' dir='ltr'>quod</span> <span class='ocrx_word' id='word_1_614' title='bbox 1581 3223 1634 3261; x_wconf 81' lang='lat' dir='ltr'>de</span> <span class='ocrx_word' id='word_1_615' title='bbox 1654 3222 1917 3262; x_wconf 73' lang='lat' dir='ltr'>parmenidis</span> <span class='ocrx_word' id='word_1_616' title='bbox 1938 3222 2128 3261; x_wconf 81' lang='lat' dir='ltr'>carmine</span> <span class='ocrx_word' id='word_1_617' title='bbox 2150 3235 2213 3262; x_wconf 83' lang='lat' dir='ltr'>est</span> <span class='ocrx_word' id='word_1_618' title='bbox 2236 3224 2350 3272; x_wconf 75' lang='lat' dir='ltr'>apud</span> <span class='ocrx_word' id='word_1_619' title='bbox 2374 3223 2700 3273; x_wconf 67' lang='lat' dir='ltr'>Diogen.Lae›·t,</span> <span class='ocrx_word' id='word_1_620' title='bbox 2717 3228 2783 3277; x_wconf 71' lang='lat' dir='ltr'>IX,</span> 
     </span>
     <span class='ocr_line' id='line_1_53' title="bbox 194 3274 2782 3329; baseline -0.002 -11"><span class='ocrx_word' id='word_1_621' title='bbox 194 3281 260 3324; x_wconf 67' lang='lat'>23,</span> <span class='ocrx_word' id='word_1_622' title='bbox 296 3276 350 3313; x_wconf 88' lang='lat' dir='ltr'>de</span> <span class='ocrx_word' id='word_1_623' title='bbox 379 3276 542 3313; x_wconf 80' lang='lat' dir='ltr'>Eudoxi</span> <span class='ocrx_word' id='word_1_624' title='bbox 568 3276 782 3328; x_wconf 81' lang='lat' dir='ltr'>magistris</span> <span class='ocrx_word' id='word_1_625' title='bbox 806 3289 873 3326; x_wconf 85' lang='lat' dir='ltr'>ap.</span> <span class='ocrx_word' id='word_1_626' title='bbox 898 3278 1055 3313; x_wconf 81' lang='lat' dir='ltr'>eundem</span> <span class='ocrx_word' id='word_1_627' title='bbox 1078 3277 1195 3324; x_wconf 86' lang='lat' dir='ltr'>Vlll,</span> <span class='ocrx_word' id='word_1_628' title='bbox 1226 3279 1290 3321; x_wconf 64' lang='lat'>56,</span> <span class='ocrx_word' id='word_1_629' title='bbox 1323 3275 1377 3313; x_wconf 81' lang='lat' dir='ltr'>de</span> <span class='ocrx_word' id='word_1_630' title='bbox 1396 3276 1508 3313; x_wconf 83' lang='lat' dir='ltr'>illius</span> <span class='ocrx_word' id='word_1_631' title='bbox 1540 3275 1745 3329; x_wconf 84' lang='lat' dir='ltr'>magistro</span> <span class='ocrx_word' id='word_1_632' title='bbox 1771 3287 1809 3315; x_wconf 88' lang='lat' dir='ltr'>et</span> <span class='ocrx_word' id='word_1_633' title='bbox 1836 3285 2120 3328; x_wconf 80' lang='lat' dir='ltr'>praeceptore</span> <span class='ocrx_word' id='word_1_634' title='bbox 2142 3290 2209 3329; x_wconf 82' lang='lat' dir='ltr'>ap.</span> <span class='ocrx_word' id='word_1_635' title='bbox 2232 3274 2354 3315; x_wconf 80' lang='lat' dir='ltr'>Procl.</span> <span class='ocrx_word' id='word_1_636' title='bbox 2375 3275 2416 3314; x_wconf 92' lang='lat' dir='ltr'>in</span> <span class='ocrx_word' id='word_1_637' title='bbox 2441 3275 2595 3321; x_wconf 80' lang='lat' dir='ltr'>Platon.</span> <span class='ocrx_word' id='word_1_638' title='bbox 2618 3282 2782 3322; x_wconf 73' lang='lat' dir='ltr'>Parme.</span> 
     </span>
     <span class='ocr_line' id='line_1_54' title="bbox 195 3326 1658 3383; baseline 0.002 -14"><span class='ocrx_word' id='word_1_639' title='bbox 195 3332 286 3369; x_wconf 81' lang='lat' dir='ltr'>nid.</span> <span class='ocrx_word' id='word_1_640' title='bbox 312 3342 440 3383; x_wconf 87' lang='lat' dir='ltr'>quem</span> <span class='ocrx_word' id='word_1_641' title='bbox 465 3330 623 3369; x_wconf 83' lang='lat' dir='ltr'>excitat</span> <span class='ocrx_word' id='word_1_642' title='bbox 649 3329 779 3367; x_wconf 78' lang='lat' dir='ltr'>Bentl.</span> <span class='ocrx_word' id='word_1_643' title='bbox 806 3342 847 3381; x_wconf 87' lang='lat' dir='ltr'>p.</span> <span class='ocrx_word' id='word_1_644' title='bbox 868 3327 957 3369; x_wconf 77' lang='lat'><strong>471.</strong></span> <span class='ocrx_word' id='word_1_645' title='bbox 1078 3330 1152 3379; x_wconf 85' lang='lat'>⁷²)</span> <span class='ocrx_word' id='word_1_646' title='bbox 1181 3326 1328 3367; x_wconf 80' lang='lat' dir='ltr'>Athen.</span> <span class='ocrx_word' id='word_1_647' title='bbox 1354 3328 1453 3378; x_wconf 92' lang='lat' dir='ltr'>XV,</span> <span class='ocrx_word' id='word_1_648' title='bbox 1481 3331 1586 3380; x_wconf 85' lang='lat'>669,</span> <span class='ocrx_word' id='word_1_649' title='bbox 1615 3330 1658 3372; x_wconf 78' lang='lat' dir='ltr'>d.</span> 
     </span>
    </p>
   </div>
  </div>
 </body>
</html>
