2999 3808
1450 139 1491 172 Χ.

164 232 415 279 scribendi
442 229 663 292 pericula
703 228 807 275 sive
841 228 1032 294 ingenii
1068 228 1209 276 lusus
1247 229 1338 278 ubi
1365 238 1584 279 ,aetatem
1613 226 1879 289 tulissent,
1931 229 2103 278 fucum
2134 230 2376 295 imperitis
2413 246 2464 285 et
2495 236 2556 285 ab
2596 238 2763 288 critica

166 312 274 347 arte
312 297 484 345 alienis
516 297 737 342 facerent
768 310 1177 358 nonnumquam,
1212 304 1270 342 ut
1303 295 1365 343 ad
1401 297 1536 359 ipsos
1564 311 1647 342 eos
1670 310 1893 343 summos
1925 305 2147 344 oratores
2178 299 2511 367 referrentur,
2546 322 2762 369 quorum

166 368 370 413 nomina
391 379 510 426 prae
533 379 586 409 se
609 363 742 408 ferre
760 362 1063 409 viderentur.
1115 362 1233 421 Uno
1256 377 1394 422 nunc
1407 373 1519 409 utar
1544 378 1706 425 eoque
1740 362 2001 410 notissimo
2017 364 2285 427 exemplo,
2312 368 2409 419 alia
2437 381 2487 417 et
2505 374 2762 427 luculenta

163 434 293 480 infra
313 429 584 487 addituru83
607 428 856 477 Periclem
872 428 1007 476 enim
1034 438 1084 475 et
1097 428 1406 475 Alcibiadem
1429 444 1543 476 cum
1565 429 1680 476 satis
1699 438 1889 476 constet
1911 429 2037 475 nihil
2058 430 2299 493 scriptum
2324 433 2606 501 reliquisse,
2632 457 2761 503 quae

162 499 427 559 utriusque
451 496 704 543 orationes
717 497 1005 543 ferebantur
1023 495 1276 542 Ciceronis
1295 506 1473 555 aetate,
1498 496 1606 558 quis
1628 496 1872 543 dubitabit
1894 505 1979 542 aut
1993 496 2305 559 Quintiliano
2324 499 2557 564 accedere
2570 506 2760 570 spuria‘s

163 581 247 611 eas
287 564 553 623 iudicanti,
623 573 710 611 aut
738 563 1006 630 Spengelio
1038 577 1211 610 earum
1255 563 1502 628 originem
1546 578 1607 610 ex
1636 564 1900 611 rhetorum
1942 563 2280 626 posteriorum
2327 566 2761 622 exercitationibus

161 631 410 679 derivanti
419 635 444 663 ⁶
454 635 480 661 ⁸
493 632 512 692 )
526 631 548 677 ?
1460 672 1463 675 ,
2199 658 2204 661 .

297 823 695 870 Memoravimus
743 824 1075 871 nobilissimas
1128 822 1320 885 aliquot
1369 822 1590 869 Graecae
1633 823 1938 886 antiquitatis
1989 825 2340 887 bibliothecas,
2405 827 2760 881 Alexandrinas

163 890 312 951 duas,
346 890 547 937 Bruch‘ii
576 899 628 937 et
656 890 882 953 Serapei,
917 904 1129 953 quarum
1158 904 1275 936 cum
1303 890 1388 935 illa
1413 900 1543 935 esset
1570 890 1630 934 ab
1659 890 1791 934 Iulio
1824 889 2033 937 Caesare
2064 893 2289 952 incensa,
2336 892 2483 940 aliam
2508 899 2761 961 Augustus

162 959 218 1003 in
257 956 494 1002 Sebasteo
542 956 788 1016 condidit,
843 971 998 1002 unam
1029 957 1416 1021 Pergamenam,
1446 970 1573 1017 quae
1602 965 1717 1001 ante
1748 957 1962 1021 Augusti
2003 967 2230 1022 tempora
2272 961 2489 1007 Romam
2525 965 2760 1011 translata

163 1018 325 1083 θεῖ’),
358 1037 510 1069 unam
539 1022 919 1069 Antiochenam.
987 1022 1194 1068 Fuerint
1219 1022 1321 1082 his,
1358 1032 1408 1067 et
1430 1022 1472 1066 si
1496 1036 1624 1084 quae
1653 1021 1781 1066 aliae
1811 1033 1980 1067 essent
2011 1025 2248 1085 maiores,
2297 1026 2376 1071 sui
2417 1028 2596 1089 cuique
2635 1028 2762 1079 πίνοι-

160 1108 260 1149 ςως;
296 1089 543 1135 notissimi
569 1098 740 1135 tamen
773 1099 916 1135 erant
941 1089 1269 1135 Alexandrini
1302 1098 1352 1134 et
1381 1088 1689 1153 Pergameni.
1756 1088 2116 1135 Alexandrinos
2147 1092 2348 1154 appello
2371 1094 2432 1138 ab
2455 1094 2757 1154 Callimacho

164 1159 425 1218 Cyrenaeo
475 1165 526 1201 et
563 1157 897 1218 Aristophane
930 1157 1169 1217 Byzantio
1211 1156 1384 1201 factos.
1482 1156 1557 1200 Ab
1601 1154 1906 1201 Callimacho
1941 1156 2101 1215 enim,
2162 1174 2315 1218 quem
2357 1170 2547 1207 constat
2583 1173 2759 1211 natura

163 1239 255 1270 sua
319 1222 523 1268 doctum
578 1222 747 1285 potius
807 1223 1191 1288 grammaticum
1246 1222 1400 1267 fuisse
1462 1237 1612 1282 quam
1687 1231 1914 1283 poetam,
1996 1222 2222 1268 floruisse
2284 1233 2455 1271 autem
2523 1220 2756 1277 credibile

165 1301 242 1336 est
277 1290 371 1335 sub
407 1289 738 1351 Philadelpho
771 1290 1018 1349 maxime,
1063 1290 1316 1349 vitamque
1360 1287 1653 1351 produxisse
1697 1287 1761 1335 ad
1796 1288 2077 1353 Euergetae
2115 1290 2257 1353 regni
2286 1290 2453 1351 initia,
2496 1292 2547 1339 id
2589 1304 2663 1341 est
2697 1298 2760 1344 ad

163 1358 242 1403 Ol.
278 1357 506 1414 ἓῐΧ-ΧἩῙ,
540 1358 599 1414 2,
637 1357 826 1402 Suidas
847 1366 1023 1402 auctor
1049 1365 1124 1404 est
1156 1355 1363 1418 scriptos
1396 1370 1504 1401 esse
1528 1351 1724 1404 vivam
1742 1354 1829 1404 viiiv
1863 1355 1906 1404 ἓν
1935 1350 2063 1418 πάσῃ
2091 1350 2279 1423 παιδείᾳ
2306 1350 2699 1420 διαλαμψσίνταησ
2712 1363 2756 1425 ³)

161 1421 240 1472 itui
280 1417 345 1471 ὧν·
375 1418 670 1489 συνέγραψαν
709 1419 753 1470 ἐν
791 1417 994 1480 βιβλίοις
1030 1419 1072 1468 κ’
1102 1418 1182 1470 καὶ
1216 1417 1268 1490 ς’,
1324 1422 1375 1467 id
1419 1431 1495 1468 est
1543 1421 1774 1482 „tabulas
1820 1437 2018 1482 eorum,
2081 1424 2257 1488 quiin
2297 1426 2465 1486 quavis
2503 1427 2758 1491 disciplina

160 1490 507 1537 inclaruerunt
574 1499 724 1551 atque
784 1487 983 1535 eorum'
1014 1504 1141 1550 quae
1198 1488 1603 1550 conscripserunt
1646 1488 1783 1534 libris
1829 1488 2004 1549 ὃῖᾶιί,
2066 1505 2094 1535 a
2144 1491 2320 1552 quibus
2365 1491 2498 1538 haud
2549 1496 2648 1542 scio
2695 1513 2759 1544 an

161 1558 488 1605 minusrecte
506 1567 563 1603 ut
584 1556 973 1602 diversos-libros
997 1554 1670 1620 distinxeritlexicographus
1688 1564 1798 1600 tum
1820 1550 1992 1603 πὶναιωι
2011 1554 2090 1603 καὶ
2104 1553 2366 1635 dvctv-gaoris·
2391 1556 2480 1607 τῶν
2498 1558 2625 1610 κατὰ
2654 1562 2758 1629 χρό-

162 1640 257 1673 νους·
278 1620 357 1673 καὶ
379 1620 471 1672 εἰτ’
499 1620 651 1688 ἀρχῆς
674 1614 1204 1685 γενομένωδιδασκοίλων
1229 1622 1383 1682 (sive,
1419 1632 1477 1665 ut
1516 1621 1599 1666 alii
1626 1621 1935 1681 maluerunt,
1968 1615 2305 1682 διδασκαλιων)
2345 1634 2454 1670 tum
2479 1624 2648 1690 nimpe„
2672 1633 2758 1681 τῶν

159 1687 426 1756 Δημοκρίτου
452 1690 664 1751 γλωσσῶν
693 1685 773 1738 καὶ
796 1686 1149 1752 συγταγμσίτωνς
1184 1704 1302 1734 nam
1331 1688 1457 1733 mihi
1478 1688 1613 1733 idem
1643 1688 1911 1749 prebatur,
1948 1688 2083 1749 quod
2110 1689 2364 1736 Wovverio
2381 1692 2471 1752 ⁶⁴)
2508 1704 2558 1739 et
2582 1695 2758 1743 Ruhn-

161 1758 313 1805 kenio
329 1758 419 1817 ⁶5)
455 1757 617 1803 visum
657 1765 758 1817 est,
795 1766 852 1802 ut
889 1756 976 1802 has
1011 1771 1213 1819 quoque
1257 1755 1391 1801 illius
1426 1756 1547 1800 vasti
1582 1754 1747 1817 operis
1764 1765 1929 1817 partes
1963 1755 2170 1802 arbitrer
2209 1756 2374 1803 fuisse.
2454 1759 2639 1820 Pallor,
2673 1775 2758 1810 aut

164 1834 271 1870 erat
308 1823 433 1868 illud
466 1824 535 1868 ita
567 1823 888 1882 adornatum,
922 1833 980 1868 ut
1015 1824 1225 1869 referret
1263 1821 1632 1883 quodammodo
1664 1837 1748 1868 eos
1780 1822 2025 1869 librorum
2067 1822 2281 1883 indices,
2329 1840 2453 1886 quos
2482 1830 2638 1875 nostri
2668 1831 2757 1877 ho—

160 1893 324 1936 mines
359 1891 560 1949 „reales
576 1890 606 1916 “
640 1890 919 1951 appellant,
968 1889 1065 1935 nisi
1094 1888 1231 1950 quod
1267 1888 1344 1934 his
1381 1888 1542 1935 multo
1578 1897 1718 1935 erant
1752 1888 2017 1950 ampliores
2057 1899 2106 1935 et
2147 1890 2403 1937 doctiores.
2486 1895 2637 1941 Erant
2668 1897 2757 1961 igi-

160 1968 245 2003 tur
275 1957 540 2019 scriptores
572 1956 626 2003 in
667 1956 842 2003 classes
882 1956 1120 2018 quasdam
1154 1954 1417 2018 descripti,
1453 1965 1510 2001 ut
1544 1954 1629 2016 qui
1668 1954 1893 2001 eiusdem
1920 1955 2036 2000 artis
2069 1956 2305 2016 fuissent,
2342 1973 2426 2003 eos
2459 1960 2594 2006 idem
2617 1961 2757 2031 πίναξ

163 2023 626 2086 comprehenderet.
707 2022 834 2069 Suus
869 2023 1021 2087 igitur
1059 2018 1202 2088 πίναξ
1235 2032 1340 2068 erat
1370 2022 1537 2083 lyricis
1554 2024 1672 2082 ⁶⁶),
1723 2037 1842 2068 suus
1881 2022 2078 2087 tragicis
2094 2025 2214 2083 ⁶⁷),
2262 2040 2381 2070 suus
2432 2028 2754 2090 comicisn),

162 2091 259 2136 nisi
291 2106 420 2135 unus
459 2089 682 2150 utrisque
695 2091 813 2149 ⁶⁹),
848 2104 966 2135 suus
1005 2089 1327 2135 historiarum
1357 2088 1675 2151 scriptoribus
1691 2089 1808 2148 ⁷0),
1858 2103 1977 2133 suus
2012 2089 2322 2151 philosophis
2337 2093 2455 2152 ⁷¹),
2502 2109 2618 2139 suus
2651 2113 2758 2142 ora·

162 2158 384 2215 toribus,
418 2165 569 2217 atque
593 2156 718 2201 haec
748 2157 928 2215 est72)
976 2147 1215 2223 ἀναγραφὴ
1246 2155 1332 2203 τῶν
1364 2154 1588 2222 ῥητορικῶν
1630 2160 1728 2211 (se.
1759 2153 2128 2222 συγγραμμάτων
2138 2162 2192 2216 ),·
2224 2172 2343 2203 suus
2377 2158 2609 2222 deinceps
2643 2164 2756 2209 reli-

276 2309 354 2358 ⁶2)
403 2306 615 2349 Ruhnken.
649 2307 746 2347 hist.
782 2321 843 2346 cr.
873 2318 980 2345 orat.
1012 2307 1162 2346 Graec.
1188 2321 1232 2360 p.
1266 2306 1341 2348 1‘25
1365 2320 1454 2359 sqq.
1488 2306 1537 2344 R.
1571 2306 1744 2356 Spengel
1770 2322 1910 2362 συναγ.
1937 2326 2040 2362 τεχν.
2068 2313 2132 2351 61.
2162 2323 2254 2362 sqq.
2401 2314 2455 2360 a)
2502 2312 2668 2365 M’enag,
2698 2316 2755 2354 ad

160 2363 346 2415 Diogen.
373 2362 469 2409 vll,
502 2363 568 2403 34.
690 2363 767 2408 9³)
816 2361 1010 2399 Tutulum
1032 2361 1223 2399 imitatus
1247 2371 1333 2408 est,
1371 2374 1456 2398 non
1487 2360 1697 2398 librorum
1729 2360 1918 2401 indolem
1954 2375 1996 2402 et
2024 2361 2225 2412 formam,
2260 2375 2437 2417 praeter
2464 2365 2753 2422 Hermippum

161 2417 465 2468 Smyrnaeum,
493 2413 550 2454 de
579 2427 666 2468 quo
696 2412 811 2453 infra
839 2413 1034 2453 dicturus
1063 2428 1172 2461 sum,
1200 2411 1412 2463 Hesychius
1432 2410 1629 2459 lmlesius,
1655 2412 1777 2454 cuius
1796 2414 1905 2453 liber
1935 2415 2168 2469 inscriptus
2197 2426 2260 2456 est
2289 2419 2381 2473 περὶ
2409 2422 2493 2461 τῶν
2519 2421 2562 2461 ἐν
2593 2424 2756 2465 παιδεία

160 2467 487 2521 διαλαμψάντων
515 2471 677 2519 σοφῶν.
769 2469 844 2514 ⁶⁴)
871 2466 1108 2520 Polymath'.
1129 2481 1164 2506 c.
1187 2468 1249 2508 16.
1345 2466 1423 2517 ⁶³)
1456 2465 1524 2505 Ad
1553 2465 1802 2508 callimach.
1828 2467 1982 2520 fragm.
2010 2482 2051 2520 p.
2075 2470 2154 2511 470
2185 2469 2252 2508 ed.
2275 2471 2434 2512 Ernest.
2521 2471 2599 2524 ⁶⁶)
2626 2466 2755 2515 Refe'·

163 2535 215 2562 ro
238 2522 347 2570 huc,
383 2519 500 2574 quod
534 2521 662 2559 Scluat.
687 2518 802 2557 Pc'nd.
835 2520 1012 2572 Pyth.11
1036 2520 1130 2570 init.
1156 2519 1239 2557 hoc
1261 2532 1462 2566 carmen,
1523 2518 1636 2570 quod
1666 2533 1781 2558 nunc
1809 2521 2045 2560 ‘secundum
2077 2532 2139 2560 est
2163 2522 2413 2572 Pythion-um
2430 2553 2441 2571 ‚
2484 2524 2753 2566 Nemeaeum

163 2576 302 2620 toluit
332 2587 435 2615 esse.
500 2572 563 2612 Cf.
598 2572 767 2614 Boeckh.
794 2571 927 2612 praef.
955 2570 1010 2620 ad
1030 2571 1160 2620 schol.
1184 2586 1226 2622 p.
1253 2571 1303 2611 X.
1443 2569 1520 2620 ⁶⁷)
1573 2568 1684 2610 Hinc
1721 2571 1904 2624 petitum
1937 2574 2148 2623 arbitror,
2188 2573 2301 2627 quod
2330 2574 2457 2616 habet
2487 2575 2683 2627 Har-[mer.
2716 2594 2755 2628 v,

154 2629 278 2669 Ἴων.
308 2648 357 2657 —-
414 2628 565 2681 ἔγραψε
585 2626 628 2669 δὲ
652 2627 721 2669 καὶ
745 2622 981 2679 φιλόσοφόν
1003 2642 1039 2686 ξι
1065 2623 1331 2687 σύγγραμμα,
1356 2620 1430 2668 τόν
1460 2622 1667 2686 Τρραγμὸν
1692 2623 2041 2682 ἐπιγραφόμενον,
2080 2625 2178 2681 ὅπερ
2201 2631 2454 2692 Καλλίμαχος
2477 2631 2758 2687 ἐπιλέγεσθαί

198 2696 295 2732 now
329 2676 385 2729 ὦς
406 2678 667 2734 Ἐπιγένους.
752 2679 817 2721 De
842 2682 924 2719 hoc
947 2678 1248 2734 philosophico
1280 2680 1416 2724 libro,
1455 2691 1527 2732 qui
1554 2681 1740 2734 τριαγμοὶ
1773 2681 1928 2732 plurali
1959 2693 2143 2719 numero
2169 2683 2222 2718 ab
2253 2683 2345 2720 aliis
2375 2685 2648 2732 inscribitur,
2700 2687 2756 2728 cf.

161 2699 412 2784 X'ieberdtng
442 2735 496 2773 de
529 2736 614 2772 lon.
637 2731 737 2773 Chii
778 2736 850 2771 vit.
879 2743 960 2772 ete.
984 2745 1029 2786 p.
1048 2734 1114 2773 96.
1170 2732 1364 2770 Fortasse
1399 2741 1542 2768 autem
1582 2735 1709 2769 etiam
1737 2732 1820 2771 hoc
1854 2734 1999 2784 posuit
2024 2732 2310 2774 Callimachus
2330 2733 2373 2774 in
2398 2735 2671 2784 choliambis,
2708 2740 2756 2780 in

162 2788 321 2842 quibus
342 2786 454 2824 lonis
478 2797 596 2826 certe
624 2796 672 2824 ut
690 2788 1072 2842 πολυγραφωτάτου
1093 2784 1357 2836 mentionem
1385 2781 1540 2835 iactam
1560 2797 1653 2837 esse
1674 2783 1815 2824 suidas
1840 2799 1879 2827 v.
1900 2782 2295 2841 διθρραμβοδιδᾶσκ.
2318 2790 2488 2841 probat.
2582 2792 2661 2844 ⁶⁸)
2694 2793 2757 2834 Ex

162 2842 247 2882 hoc
271 2840 405 2893 petita
435 2851 557 2884 sunt,
582 2853 692 2892 quae
711 2840 871 2880 habent
896 2836 1122 2879 Athenaeus
1158 2836 1278 2886 Vnt,
1306 2838 1409 2883 336.
1439 2849 1473 2877 e.
1497 2836 1553 2877 de
1574 2840 1798 2878 comoedia
1829 2838 2024 2880 Alexidis
2047 2838 2442 2895 α’σωτοδιδᾶσκαλος,
2469 2843 2548 2894 XI,
2585 2844 2664 2888 496
2699 2847 2755 2884 de

160 2887 310 2935 fabula
337 2891 503 2947 Diphili
533 2892 775 2949 Εὖνοῦχας,
817 2893 943 2932 schot.
973 2891 1177 2942 Aristoph.
1204 2891 1321 2932 Nub.
1352 2892 1443 2933 579.
1469 2890 1524 2931 de
1550 2891 1745 2930 Nubium
1774 2892 2017 2934 didascaliis
2054 2905 2096 2934 et
2127 2893 2307 2934 fortasse
2323 2899 2460 2936 'etiam
2492 2911 2603 2951 quae
2635 2898 2756 2953 apud

162 2945 437 2986 Ptolemaeum
465 2946 785 2996 Hephaestionem
811 2957 960 2986 extant
984 2959 1053 2999 ap.
1079 2946 1211 2985 Bentl.
1244 2959 1287 2997 p.
1315 2944 1407 2986 470.
1526 2946 1607 2994 ⁶⁹)
1637 2946 1691 2985 'ld
1720 2945 1962 2987 credideris
1982 2958 2164 3002 propter
2185 2946 2443 3003 singularem
2470 2954 2601 3005 supra
2627 2951 2755 3006 positi

162 3004 288 3053 πίναξ
312 3003 399 3042 τῶν
426 3002 721 3054 διδασκαλιῶν,
747 3002 823 3042 ted
878 3000 1058 3040 luralem
1080 3000 1124 3038 in
1152 2999 1305 3039 eadem
1333 3002 1382 3038 re'
1405 2997 1531 3037 habet
1554 2996 1698 3052 Etym.
1727 2999 1783 3039 Μ.
1812 3002 1904 3044 672.
1925 3002 1989 3044 28.
2009 2999 2073 3042 Cf.
2093 2998 2206 3041 infra
2224 3011 2311 3044 not.
2335 3005 2402 3047 97.
2432 3003 2664 3056 Ceterum,
2694 3007 2754 3045 ui.

162 3057 200 3096 si
223 3057 506 3097 vehementer
537 3052 686 3103 fallor,
712 3068 819 3108 quas
870 3054 991 3095 uid-s
1015 3052 1281 3094 Callimacho
1302 3050 1456 3092 tribuit
1483 3055 1740 3111 Τραγῳδίας,
1769 3055 2019 3109 Κωμῳδίας,
2047 3055 2258 3111 Servum&
2273 3055 2493 3112 Δράματα,
2522 3058 2644 3112 Μέλῃ
2667 3069 2751 3098 non

164 3118 264 3148 sunt
282 3108 364 3148 nisi
389 3105 716 3160 tragoediarum
732 3138 743 3157 ,
772 3107 1123 3157 comoediarum,
1148 3104 1392 3147 fabularum
1410 3109 1693 3159 satyricarum
1719 3118 1761 3148 et
1785 3110 2019 3160 lyricorum
2039 3112 2280 3161 carminum
2303 3112 2467 3149 tabulae.
2527 3111 2594 3162 7ο>
2609 3111 2751 3153 Athen.

162 3162 223 3207 ll,
252 3164 333 3210 70,
361 3173 401 3201 a·
434 3165 489 3199 ab
518 3161 784 3200 Callimacho
816 3158 1111 3210 tradit'Aataeg
1138 3157 1381 3215 περιήγησιν
1404 3159 1460 3197 ad
1487 3161 1748 3200 Hecataeum
1779 3162 2018 3200 insulanum
2073 3161 2233 3217 (νησιῶ
2282 3164 2342 3221 ιν)
2390 3162 2574 3213 referri,
2623 3179 2750 3219 qnam

163 3215 237 3253 alii
261 3216 475 3253 Hecataeo
497 3216 668 3254 Milesio
689 3214 894 3260 tribuant.
980 3215 1058 3265 ⁷¹)
1090 3214 1184 3254 Huc
1213 3214 1393 3266 refero,
1409 3214 1526 3266 quod
1548 3214 1602 3255 de
1621 3213 1886 3258 Parmenidit
1905 3213 2097 3265 carmine
2117 3220 2183 3257 θεέ
2203 3179 2319 3266 aad
2341 3214 2668 3307 Diggen.Laert‚
2685 3219 2751 3271 IX,

161 3273 228 3317 28,
263 3267 318 3307 de
346 3267 510 3307 Eudoxi
535 3266 751 3321 magistris
773 3280 841 3320 ap.
865 3269 1023 3307 eundem
1044 3268 1163 3318 Vm,
1193 3269 1258 3315 86,
1290 3266 1345 3307 de
1363 3267 1476 3305 illius
1507 3267 1713 3323 magistro
1739 3276 1778 3308 et
1803 3276 2089 3322 praeceptore
2109 3281 2178 3323 ap.
2199 3266 2322 3307 Procl.
2340 3267 2385 3306 in
2438 3274 2449 3308 l

162 3324 253 3363 nid.
278 3334 408 3376 quem
432 3321 591 3363 excitat
616 3321 747 3360 Bentl.
773 3334 815 3375 p.
835 3319 925 3362 471.
1045 3323 1121 3373 ⁷²)
1148 3319 1296 3360 Athen.
1321 3321 1421 3371 XV,
1448 3324 1553 3373 669,
1582 3323 1626 3365 d.

2453 3281 2572 3313 aton.
2586 3268 2751 3314 Parme-
