2999 3808
1196 159 1548 198 ——r'x

236 254 345 313 les,
370 252 559 330 ‘quibus
595 249 797 315 quidem
832 252 918 299 aut
954 251 1068 300 odio
1103 261 1189 298 aut
1222 253 1494 317 despicatui
1525 263 1575 300 et
1605 253 1917 321 contemptui
1954 252 2119 313 erant,
2157 250 2353 298 Iudaeis
2386 248 2601 313 plurima
2639 248 2818 294 debere

241 330 605 367 convmcerent.

369 432 474 479 Iam
514 450 635 480 vero
668 443 933 496 postquam
972 433 1105 478 bona
1145 433 1389 479 librorum
1426 433 1567 494 copia
1599 433 1654 480 in
1695 434 1841 498 regi-is
1873 434 1972 480 illis
2011 434 2254 479 thesauris
2291 442 2528 497 congesta
2564 441 2663 490 est,
2708 446 2818 492 par-

236 499 331 546 tim
369 497 780 548 bibliothecarum
824 497 1093 561 praefecti,
1143 499 1325 561 partim
1368 498 1454 559 qui
1497 498 1803 546 eruditorum
1840 499 2102 547 hominum
2144 500 2198 545 in
2231 499 2437 560 Museo,
2487 498 2626 564 regia
2662 496 2815 542 adiuti

234 565 556 627 liberalitate,
587 566 762 612 litteris
807 565 1138 626 operabantur
1153 567 1176 596 5
1185 568 1213 597 ⁶
1224 565 1276 624 ),
1306 564 1494 610 indices
1530 565 1633 611 sive
1678 566 1866 611 tabulas
1910 567 2153 611 librorum
2195 566 2469 611 secundum
2515 564 2815 626 scriptorum

233 647 417 696 genera
455 631 712 696 dispositas
746 630 1041 689 ediderunt3
1072 630 1207 677 idem
1240 645 1306 677 ne
1339 645 1481 695 reges
1505 631 1709 693 quidem
1730 633 1863 694 ipsos
1886 630 2173 697 dedignatos
2205 645 2311 677 esse
2336 631 2522 691 facere,
2556 646 2616 677 ex
2651 628 2816 690 Phila-¹

234 699 406 761 delphi
450 699 680 762 exemplo
724 697 1005 762 colligeres,
1060 713 1087 743 a
1121 712 1220 760 quo
1261 697 1505 743 librorum
1544 698 1974 744 Aristotelicorum
2007 699 2246 760 scriptum
2273 713 2379 743 esse
2411 698 2625 743 indicem
2666 695 2819 742 Davi-

234 765 319 811 des
337 768 359 797 ἲ
369 767 425 825 ⁷)
460 765 723 811 Armenius
756 772 929 809 auctor
970 773 1069 823 est,
1106 764 1257 810 modo
1289 774 1534 810 constaret
1568 774 1704 810 recte
1731 765 1789 810 ab
1816 766 1913 810 hoc
1944 781 2050 811 esse
2089 765 2150 811 ad
2168 763 2548 825 Philadelphum
2583 764 2818 821 relatum,

234 832 365 892 quod
396 832 458 877 de
495 831 782 876 Ptolemaeo
815 830 981 875 nescio
1013 845 1113 891 quo
1146 829 1346 876 tradidit
1372 831 1695 891 Ammonius,
1731 847 1821 876 seu
1858 832 2215 892 cuiuscumque
2256 840 2328 875 est
2365 831 2463 875 vita
2486 829 2816 887 Aristotelica,

234 912 360 957 quae
397 897 502 942 eius
529 911 718 940 nomen
756 910 877 957 prae
908 911 961 940 se
996 896 1108 940 fert.
1172 896 1261 940 His
1285 896 1338 941 in
1373 896 1558 941 tabulis
1582 906 1687 942 tum
1716 898 1933 942 incertos
1966 897 2117 942 libros
2162 888 2436 957 (ἀδέσποτα
2465 892 2812 955 ὑπομνήματα),

234 978 357 1023 quos
405 960 639 1007 credibile
690 972 766 1005 est
805 977 1017 1006 numero
1064 962 1306 1024 plurimos
1350 962 1527 1022 fuisse,
1590 963 1651 1008 ad
1710 973 1870 1008 certos
1929 963 2171 1024 quosdam
2224 972 2451 1007 auctores
2513 960 2812 1018 referebant,

232 1039 343 1073 tum
376 1027 436 1075 ab
472 1027 737 1090 suppositis
764 1043 997 1092 germana
1031 1027 1420 1093 distinguebant,
1465 1029 1519 1074 in
1564 1038 1775 1090 utraque
1814 1046 1872 1075 re
1911 1045 2058 1075 suum
2099 1031 2321 1092 ipsorum
2360 1027 2607 1073 iudicium
2642 1026 2815 1072 secuti.

232 1094 292 1139 In
323 1110 384 1139 eo
409 1094 790 1156 =pronunciando
825 1095 1128 1156 parcendum
1167 1097 1373 1140 fortasse
1409 1105 1515 1141 era-t
1555 1096 1684 1159 regis
1721 1097 2074 1156 aemulationi,
2142 1097 2223 1141 vix
2258 1111 2418 1156 aequo
2448 1095 2616 1140 animo
2649 1093 2816 1151 laturi,

234 1161 277 1205 si
313 1175 463 1220 quem
495 1161 678 1206 librum
707 1161 854 1206 titulo
891 1161 1127 1222 deceptus
1161 1161 1429 1206 ambitioso
1455 1161 1657 1206 emisset
1687 1162 1880 1225 ingenti
1910 1163 2150 1223 pecunia,
2185 1178 2289 1207 non
2318 1162 2379 1206 ad
2410 1177 2528 1206 eum
2558 1160 2817 1221 pertinere

233 1226 523 1288 sctiptorem
567 1227 891 1286 iudicaretur,
945 1228 1083 1272 cuius
1126 1242 1313 1272 nomen
1361 1236 1492 1272 esset
1525 1227 1578 1272 in
1624 1227 1789 1272 fronte
1833 1227 2098 1289 scriptum,
2153 1227 2242 1272 sed
2279 1236 2334 1272 ut
2382 1226 2533 1274 fuerit
2578 1225 2645 1270 ab
2685 1224 2817 1288 regis

232 1301 373 1338 metu
405 1293 714 1339 liberrimum
752 1293 1020 1351 iudicium,
1058 1308 1170 1338 cum
1212 1293 1512 1354 plerumque
1550 1308 1702 1338 unam
1732 1293 1838 1339 fere
1874 1308 1984 1339 rem
2009 1309 2218 1354 eamque
2248 1293 2627 1338 incertissimam
2658 1292 2711 1336 in
2743 1292 2820 1336 iu·

233 1357 450 1404 dicandis
480 1359 724 1404 librorum
752 1359 1033 1403 auctoribus
1065 1367 1309 1419 spectasse
1336 1359 1625 1417 videantur,
1657 1359 1854 1404 dicendi
1884 1374 2041 1423 genus
2070 1360 2208 1418 dico,
2244 1358 2343 1404 stili
2374 1358 2742 1411 differentiam‘
2755 1357 2822 1415 ⁸),

231 1424 291 1470 ad
343 1424 492 1489 longe
542 1425 777 1470 certiores
837 1433 1005 1469 autem
1049 1433 1336 1486 temporum
1385 1425 1601 1470 rationes
1649 1440 1759 1470 raro
1802 1425 2094 1486 recurrisse,
2156 1425 2277 1488 quid
2319 1424 2535 1484 mirum,
2592 1424 2640 1469 si.
2688 1423 2814 1468 alius

232 1490 366 1537 aliud
379 1494 403 1521 ⁴'
413 1493 466 1550 ⁹)
503 1500 553 1536 et
592 1506 971 1551 nonnumquam
1010 1505 1160 1535 nemo
1195 1499 1330 1535 recte
1369 1499 1418 1535 et
1450 1506 1567 1535 vere
1601 1490 1808 1536 statuit?

362 1592 527 1638 Habes
557 1592 637 1637 hic
670 1601 771 1637 tres
804 1606 988 1652 eosque
1015 1606 1304 1637 communes
1343 1592 1484 1636 omni
1516 1591 1795 1638 litterarum
1829 1594 2004 1658 generi
2034 1595 2174 1656 quasi
2211 1594 2400 1654 fontes,
2434 1592 2568 1639 unde
2605 1584 2818 1652 ψευδεπέ.

230 1669 388 1723 γραφα
415 1659 467 1703 in
501 1657 669 1703 omnia
696 1660 991 1718 scriptorum
1022 1673 1205 1722 genera
1239 1672 1467 1702 manasse
1494 1658 1859 1718 quodammodo
1897 1660 2154 1721 videntur,
2199 1661 2420 1722 primum
2457 1660 2704 1720 fraudem
2742 1659 2814 1703 in·-

230 1740 380 1787 quam
427 1725 532 1770 sive
569 1724 711 1786 piam
753 1723 892 1768 illam
928 1724 1034 1769 sive
1070 1724 1277 1785 impiam
1310 1738 1505 1784 eorum,
1554 1724 1643 1784 qui
1676 1725 1887 1770 seientes
1919 1727 2033 1771 dolo
2070 1728 2202 1772 malo
2235 1727 2416 1771 alienis
2458 1725 2742 1770 nominibus
2775 1740 2808 1769 a

230 1809 283 1838 se
318 1792 518 1852 scripta
562 1790 934 1852 supponebant,
990 1791 1142 1836 veluti
1197 1790 1528 1835 Anaximenes
1569 1790 1959 1855 Lampsacenus,
2012 1803 2068 1838 ut
2101 1793 2302 1839 inimico
2344 1807 2434 1838 suo
2475 1792 2815 1854 Theopompo

228 1858 463 1903 invi-diam
497 1858 739 1902 maiorem
772 1858 1008 1902 conflaret
1040 1867 1088 1902 et
1126 1857 1297 1902 odium
1335 1857 1568 1902 adversus
1601 1874 1717 1903 eum
1747 1859 1801 1904 in
1829 1860 2055 1904 maximis
2082 1860 2320 1905 Graeciae
2352 1860 2629 1904 civitatibus
2664 1874 2816 1922 auges

229 1936 332 1984 ret,
364 1925 423 1969 ab
458 1940 510 1969 se
542 1924 779 1984 scriptum
817 1924 1141 1969 Tricaranum
1169 1923 1288 1968 huie
1319 1923 1607 1984 supposuit,
1657 1924 1711 1969 in
1741 1941 1845 1985 quo·
1876 1926 2195 1987 Theopompi
2237 1925 2485 1971 scribendi
2515 1940 2672 1988 genus
2708 1941 2813 1969 ma-

230 1991 422 2054 lignum
465 2000 515 2035 et
549 1989 755 2035 mordax
791 1989 1154 2035 accuratissime
1185 1990 1622 2050 expresseratw),
1670 1991 1784 2035 dein
1803 1990 2054 2051 fraudem
2091 1993 2203 2038 sive*
2234 2007 2462 2038 errorem
2511 1991 2810 2050 bibliopola-

230 2073 366 2115 rum,
420 2056 709 2117 praesertim
756 2071 957 2114 eorum,
1003 2055 1089 2116 qui
1129 2055 1320 2117 magnis
1363 2055 1677 2101 bibliothecis
1719 2057 1949 2118 exempla
1988 2058 2230 2104 librorum
2269 2057 2483 2103 emenda.
2520 2056 2813 2114 offerebant,

227 2133 536 2184 postremum
585 2136 809 2168 errorem
851 2136 1045 2180 eorum,
1097 2121 1187 2181 qui
1237 2135 1348 2166 cum
1391 2131 1688 2182 praeessent
1730 2124 1808 2168 vel
1854 2124 2088 2169 adessent
2135 2123 2471 2182 biblz‘otheciS,
2539 2138 2810 2182 earumque

228 2189 417 2234 indices
461 2188 566 2234 sive
617 2184 871 2236 πίνακας
899 2186 1087 2249 facere
1134 2186 1394 2247 deberent,
1462 2188 1662 2234 incerta
1712 2190 1841 2234 male
1889 2190 1961 2234 ad
2012 2200 2176 2236 certos
2220 2200 2455 2236 auctores
2500 2188 2801 2250 referebant.

232 2256 531 2301 Orationum
573 2265 743 2300 autem
793 2254 966 2299 alienis
1009 2253 1297 2300 nominibus
1345 2254 1590 2300 subdendi
1635 2265 1835 2316 quartus
1884 2256 2085 2317 quidam
2135 2267 2240 2303 erat
2292 2266 2342 2302 et
2378 2256 2638 2318 peculiaris
2681 2257 2803 2300 fons.

225 2322 351 2368 Nam
381 2336 495 2367 cum
539 2321 708 2381 „circa
740 2320 989 2366 Demetrii
1024 2320 1337 2366 Phalerensis
1371 2330 1600 2383 tempora
1632 2322 1768 2368 fictas
1800 2322 1863 2368 ad
1890 2323 2219 2369 imitationem
2254 2324 2349 2369 fori
2383 2322 2807 2381 consiliorumque

216 2388 456 2435 ‚materias
495 2386 628 2450 apud'
658 2387 875 2434 Graecos
911 2385 1077 2433 dicere
1111 2386 1394 2434 institutum
1408 2388 1540 2447 “61)
1590 2398 1741 2448 esset,
1796 2399 1883 2452 aut
1924 2389 2066 2436 latius
2115 2400 2285 2452 patere
2329 2389 2600 2451 coepisset,
2651 2400 2808 2448 atque

227 2470 289 2500 ex
331 2470 391 2500 eo
432 2454 549 2499 inde
582 2463 807 2516 tempore
847 2452 1045 2498 dicendi
1077 2453 1354 2515 palaestrae
1393 2453 1447 2499 ‘m
1491 2454 1671 2500 caussis
1711 2455 1890 2501 iisdem
1936 2457 2201 2502 tracta-ndis
2252 2464 2623 2514 exercerentur,
2672 2469 2805 2515 quae

225 2536 253 2567 a
293 2521 541 2567 veteribus
586 2520 859 2567 oratoribus
902 2529 989 2565 a-ut
1036 2528 1176 2565 erant
1214 2529 1357 2566 actae
1400 2530 1486 2566 aut
1533 2520 1613 2586 agi
1650 2530 1940 2584 potuerant,
1994 2522 2101 2568 fieri
2145 2537 2250 2568 non·
2286 2530 2510 2584 poterat,
2573 2520 2696 2582 quin
2739 2536 2801 2567 ea

224 2672 419 2729 gicorum
444 2671 709 2713 Graecorum
734 2671 948 2712 Boecltlu'us
974 2673 1157 2724 (Graec.
1177 2672 1371 2727 tragoed.
1387 2672 1573 2727 princip.
1593 2687 1635 2727 p.
1652 2673 1729 2717 146
1758 2675 1880 2727 sqq.)
1909 2672 2149 2713 illustravit.
2262 2673 2339 2724 ⁹⁶)
2360 2671 2651 2713 callia-mbos
2666 2682 2809 2725 certe,

223 2723 345 2778 euius
374 2727 546 2776 πίνακες
568 2740 671 2766 nox
698 2729 1182 2777 commemorabuntur,
1227 2739 1313 2766 nou
1338 2725 1437 2780 ipse.
1459 2736 1659 2780 praeerat
1688 2726 1985 2771 bibliothecae,
2002 2725 2080 2765 sed
2103 2738 2187 2779 quo
2210 2734 2409 2780 tempore
2423 2725 2671 2767 zenodotus
2695 2726 2800 2767 huie

223 2786 316 2817 eret
351 2776 620 2831 praefectus,
660 2780 708 2819 iu
736 2780 888 2820 Museo
929 2780 1071 2820 locum
1107 2778 1329 2820 obtinebat
1362 2793 1501 2821 suum.
1643 2781 1722 2831 ⁵⁷)
1759 2779 1897 2819 Verba
1927 2777 2104 2818 Doridis
2135 2778 2351 2833 descripta
2383 2779 2542 2820 habeut
2567 2777 2803 2818 Brundisina

225 2830 364 2879 (Mus.
392 2830 532 2890 aben.
555 2832 590 2874 t.
608 2836 648 2874 8.
680 2846 719 2887 p.
740 2834 865 2886 220.)
891 2842 934 2874 et
961 2832 1141 2894 Statu-inf
1164 2832 1342 2872 Aristot-
1367 2835 1399 2882 1,
1427 2834 1522 2875 159·
1546 2832 1605 2883 ll,
1635 2835 1699 2875 63.
1813 2834 1886 2882 ⁵⁸)
1924 2831 2020 2871 Eius
2046 2831 2111 2871 rei
2138 2830 2252 2872 infr·
2276 2833 2442 2896 aliquot
2466 2832 2670 2895 exempla
2691 2831 2802 2895 effe:

222 2893 551 2975 3:⁰1¹‚3123031’2‘2‘2
571 2884 1364 2990 ¹5:23„:”‚{2‘3;⁰23225⁴÷'v'”1’'2‘;''2.50·3„?
1368 2884 1697 2991 33:233&ss
1700 2885 1826 2977 ¹133}ss
1844 2886 2804 2994 322‘;”:{“::223?.·¹35252‘;:.2223&ae

220 2988 595 3034 tetisiudieotum:
631 2991 833 3047 ὶᾳιοίθη
873 2991 927 3035 δὲ
962 2993 1018 3035 lx
1049 3008 1101 3034 τε
1126 2995 1233 3035 τοῖν
1260 2989 1545 3045 νοημάτων
1583 2992 1668 3043 καὶ
1694 2993 1787 3044 τῆς
1826 2987 2067 3045 moderno
2107 3007 2200 3034 aa.
2223 2995 2260 3035 λ.
2385 2995 2460 3043 s⁹)
2499 2991 2700 3039 Cer-in·
2727 3004 2796 3032 eo·

221 3041 324 3081 dem
343 3055 441 3080 cum
464 3045 517 3080 ab
537 3042 628 3082 ali-is
654 3046 709 3083 ed
731 3044 1022 3085 Stesichorum
1039 3073 1052 3092 ,
1105 3044 1161 3083 ed
1180 3047 1357 3097 lbycmn
1396 3046 1449 3082 ab
1477 3044 1569 3082 aliis
1587 3041 1858 3092 referantur,
1912 3041 2071 3081 Neueus
2094 3045 2283 3085 coniecit
2304 3045 2496 3085 eor-›in-
2526 3044 2617 3085 εἰπε
2642 3044 2797 3084 uetiti·

221 3102 446 3133 auctorum
477 3095 721 3135 transmisse
752 3096 1055 3149 gre-metius
1085 3097 1216 3136 certis
1240 3095 1474 3149 assignasse
1501 3095 1557 3134 de
1588 3107 1692 3141 sue,
1718 3094 1764 3134 id
1798 3095 1916 3148 qued
1943 3094 2146 3136 alienum
2173 3097 2322 3138 retulit
2351 3098 2661 3137 Schneidewin„
2680 3097 2800 3150 tbye.

218 3144 406 3199 Rhegiu.
436 3161 483 3201 p.
497 3147 561 3190 47.
618 3147 810 3189 Omnino
831 3149 891 3188 ab
908 3146 1092 3188 diversi-s
1120 3146 1290 3189 civem
1313 3160 1443 3202 nepe
1469 3160 1652 3188 numere
1675 3147 1758 3187 lm
1777 3161 1870 3189 esse
1895 3147 2058 3188 iudicia
2077 3150 2134 3189 de
2161 3149 2355 3191 eiusde-a
2376 3152 2474 3191 libri
2492 3159 2671 3190 auctore
2692 3163 2795 3189 eum

216 3201 362 3252 poesie
377 3199 618 3242 innumeris
657 3200 867 3256 exemplis
894 3201 1203 3252 comproba-e,
1237 3202 1263 3241 'e
1293 3213 1325 3239 ο
1344 3199 1445 3240 setis
1467 3198 1608 3239 habeo
1644 3213 1772 3240 uuam
1824 3199 1896 3241 hic
1931 3200 2125 3243 excitare
2153 3203 2421 3245 comoediam
2448 3207 2556 3254 Μαμ
2618 3200 2796 3251 πάθους,

214 3262 345 3302 quen
398 3252 491 3292 eliis
533 3255 657 3307 alios·
684 3254 881 3295 tribuere
915 3251 1158 3291 Meinekeius
1182 3260 1230 3292 'te
1295 3264 1423 3292 oeere
1456 3262 1599 3305 potest
1661 3254 1777 3306 (Qu.
1811 3253 1876 3295 Sc.
1911 3254 1973 3307 11,
2038 3256 2133 3307 58).
2320 3259 2397 3308 ⁶0)
2436 3257 2503 3298 Cf.
2576 3269 2699 3294 asson
2745 3255 2793 3293 i·

210 3304 410 3356 prooem·
424 3303 559 3348 i-dic.
578 3308 757 3351 scholar.
782 3306 1005 3349 'vratislaw-
1028 3307 1142 3349 1829-
1156 3315 1210 3360 ·Ρ.
1226 3304 1264 3347 5.
1295 3304 1484 3360 (opusc.
1499 3305 1693 3349 academ.
1714 3322 1756 3362 p.
1775 3308 1895 3360 172.)
2009 3311 2050 3335 ⁸¹
2064 3311 2089 3361 )
2117 3306 2277 3364 Quintil.
2300 3311 2329 3351 1.
2358 3311 2406 3353 Ο.
2429 3312 2484 3357 112
2499 3311 2553 3355 42
2584 3311 2653 3349 42.
