2999 3808
592 330 1418 423 UNIVERSITAATts
1506 327 2302 390 FRIDERICIANAE

1115 443 1775 494 PROREcToR

154 547 645 621 IOANNES
722 546 1402 622 FREDERICUS
1476 543 2207 619 GODOFREDUS
2272 544 2733 619 EISELEN

1329 677 1509 718 CUM

839 766 1390 826 DIRECTORE
1454 752 1575 825 ET
1641 766 1808 826 sEN
1830 764 2025 825 ATU

1365 878 1406 919 S.
1461 878 1514 919 D.

1043 954 1494 1001 CIVIBUS
1589 954 1837 1001 SUIS.

820 1080 844 1087 -

261 1126 481 1225 Contra
507 1170 815 1218 Alcibiadem
846 1174 1120 1220 orationem
1148 1174 1305 1219 videri
1331 1183 1379 1218 et
1408 1173 1466 1218 ad
1491 1172 1796 1218 Andocidem
1814 1173 1946 1218 male
1978 1172 2152 1219 referri
2190 1181 2239 1217 et
2275 1172 2570 1235 sophisticae
2606 1176 2721 1221 artis

148 1242 497 1287 scitamentum
520 1253 625 1284 esse
658 1238 848 1304 ingenii
886 1240 1167 1287 ostentandi
1194 1240 1275 1286 vel
1308 1240 1408 1284 stili
1438 1239 1700 1284 exercendi
1734 1253 1902 1284 caussa
1934 1238 2289 1301 compositum,
2323 1239 2373 1285 id
2401 1255 2491 1285 nos
2524 1255 2719 1286 accura-

147 1309 246 1353 tius
271 1308 661 1354 demonstratum
692 1306 848 1353 ituros
875 1322 986 1354 cum
1015 1308 1245 1370 nuper1)
1284 1307 1681 1370 promiserimus,
1716 1305 1968 1367 promissis
2001 1305 2068 1351 ita
2099 1319 2231 1350 nunc
2255 1314 2381 1351 stare
2408 1306 2460 1351 in
2493 1306 2716 1353 animum

145 1374 457 1431 induximus,
493 1380 551 1417 ut
590 1373 935 1432 quaestionem
976 1374 1037 1418 ab
1080 1389 1286 1419 avorum
1328 1373 1445 1417 inde
1490 1371 1731 1417 memoria
1767 1388 1871 1418 non
1906 1372 2113 1418 minima
2156 1371 2414 1417 doctorum
2452 1373 2713 1421 hominum

147 1441 470 1486 contentione
514 1438 746 1503 agitatam
799 1441 939 1502 quasi
987 1440 1047 1485 de
1086 1441 1283 1504 integro
1328 1439 1382 1483 in
1431 1454 1641 1484 examen
1680 1453 1928 1485 vocemus.
2030 1438 2158 1484 Nam
2198 1446 2461 1499 postquam
2497 1440 2715 1500 primum

149 1508 198 1552 T
192 1509 475 1568 aylorus2)
511 1505 875 1566 „exultante“,
925 1517 983 1552 ut
1010 1508 1115 1569 ipse
1156 1505 1419 1571 gloriatur,
1463 1504 1658 1564 „crisi“
1701 1520 1811 1550 eam
1858 1505 2134 1551 orationem
2172 1519 2275 1550 non
2313 1504 2373 1550 ad
2408 1505 2715 1550 Andocidem

143 1574 399 1634 pertinere
425 1573 510 1617 sed
539 1572 599 1616 ab
627 1571 848 1617 Phaeace
877 1573 1202 1633 conscriptam
1233 1587 1340 1618 esse
1368 1581 1570 1617 conatus
1598 1580 1672 1617 est
1699 1571 1952 1632 evincere,
1988 1572 2154 1617 statim
2186 1571 2387 1632 quidem
2425 1572 2528 1616 Tib.
2568 1574 2717 1617 I-Icm-

144 1640 431 1685 sterhusius
449 1639 504 1697 ⁸)
540 1639 593 1682 in
618 1638 721 1682 eius
751 1638 972 1684 discessit
994 1638 1291 1684 sententiam
1323 1647 1371 1684 et
1390 1638 1606 1684 Ioannes
1637 1638 1986 1699 Pz·ersonus⁴)
2020 1638 2198 1700 quibus
2224 1638 2310 1682 ille
2337 1653 2455 1682 usus
2485 1651 2614 1683 esset
2643 1656 2715 1684 ar-

142 1706 420 1770 gumentis,
457 1721 514 1750 ea
531 1704 739 1750 minime
763 1705 1123 1752 contemnenda
1153 1705 1299 1763 dixit;
1338 1704 1525 1766 aliquot
1553 1713 1720 1751 autem
1745 1705 1886 1750 annis
1915 1705 2186 1751 interiectis
2212 1705 2369 1749 exorti
2396 1714 2511 1749 sunt
2534 1708 2712 1750 summi

142 1773 236 1816 viri
266 1771 591 1816 Ruhnkenius
624 1781 674 1816 et
710 1772 1096 1832 Valckenarius,
1147 1787 1362 1834 quorum
1400 1772 1487 1817 ille
1524 1772 1577 1817 in
1618 1772 1816 1817 historia
1852 1773 2015 1817 critica
2043 1781 2297 1816 oratorum
2331 1770 2635 1817 Graecorum
2655 1774 2677 1804 5
2692 1773 2711 1832 )

142 1838 225 1882 hic
246 1838 299 1882 in
328 1836 640 1895 adversariis,
672 1852 887 1896 quorum
921 1839 1212 1899 particulam
1246 1838 1564 1895 Sluiteruff)
1599 1838 1787 1899 publici
1821 1839 1938 1883 iuris
1969 1839 2111 1895 fecit,
2147 1837 2369 1882 refutatis
2406 1840 2711 1901 argumentis

141 1904 357 1964 aliquot,
407 1903 585 1964 quibus
621 1913 707 1948 aut
737 1904 902 1950 minus
938 1905 997 1950 ad
1035 1904 1433 1966 persuadendum
1466 1904 1657 1949 idoneis
1694 1914 1779 1949 aut
1807 1905 1954 1965 plane
1992 1904 2125 1949 falsis
2161 1902 2401 1963 Taylorus
2433 1913 2537 1949 erat
2575 1920 2710 1965 usus,

141 1970 381 2015 Andocidi
410 1978 633 2032 ereptam
656 1970 932 2015 orationem
959 1971 1122 2016 denuo
1153 1971 1478 2029 vindicarent,
1513 1980 1662 2030 atque
1693 1986 1749 2015 ea
1782 1970 1842 2016 lis
1872 1970 2195 2017 vindiciarum
2239 1970 2306 2014 ita
2338 1970 2435 2014 illis
2482 1970 2710 2016 duumvi-

140 2037 206 2082 ris
245 2036 504 2096 successit,
544 2045 624 2095 ut,
663 2036 748 2097 qui
787 2047 953 2099 postea
985 2037 1247 2082 Andocidis
1279 2037 1525 2082 orationes
1561 2036 1796 2101 singulari
1835 2037 2075 2083 industria
2112 2045 2366 2095 tractaret,
2400 2036 2708 2097 Sluiterus7)

138 2114 346 2168 negaret
380 2112 535 2166 „post
568 2102 859 2148 Ruhnkenii
895 2105 1141 2169 egregiam
1178 2103 1563 2165 disputationem
1604 2119 1709 2149 esse
1750 2103 1835 2165 qui
1866 2103 2136 2162 dubitaret‘,
2174 2102 2294 2163 quin
2321 2118 2555 2166 germana
2582 2117 2710 2150 esset

138 2170 401 2215 Andocidis
443 2170 657 2214 oratio“.
753 2170 993 2216 Dubitare
1031 2182 1200 2217 tamen
1240 2170 1346 2216 ausi
1388 2180 1502 2216 sunt
1549 2170 1801 2216 Athanas.
1839 2170 2193 2231 Augeriusss),
2257 2170 2370 2214 dein
2412 2171 2518 2231 ipse
2564 2172 2710 2217 huius

139 2236 573 2281 commentationis
595 2245 768 2281 auctor
794 2236 935 2282 in-eo
963 2238 1089 2283 libro
1108 2238 1191 2297 ⁹),
1243 2253 1393 2299 quem
1422 2237 1822 2283 adolescentulus
1858 2237 1919 2283 de
1956 2238 2099 2283 bonis
2127 2236 2469 2282 damnatorum
2504 2239 2713 2299 scripsit,

135 2312 247 2346 tum
282 2301 826 2361 Wachsmuthiusw),
873 2303 1088 2364 denique
1131 2304 1170 2349 is
1205 2304 1292 2364 qui
1322 2303 1569 2349 laudabile
1604 2304 1821 2349 studium
1855 2305 1908 2349 in
1952 2315 2201 2350 oratorum
2225 2303 2501 2348 Atticorum
2536 2320 2712 2350 monu-

135 2368 319 2413 mentis
355 2367 650 2428 explicandis
686 2376 735 2412 et
770 2369 844 2412 vir
879 2370 1046 2430 posuit
1079 2379 1128 2414 et
1158 2385 1309 2414 senex
1333 2370 1494 2433 pergit
1521 2385 1735 2431 ponere,
1765 2371 2006 2416 Albertus
2043 2370 2307 2415 Gerardus
2340 2371 2708 2430 Becker-usn).

134 2434 312 2495 Neque
353 2449 471 2479 vero
518 2432 905 2479 dubitationibus
944 2435 1200 2479 conficitur
1238 2450 1342 2494 res,
1377 2436 1669 2496 praesertim
1708 2451 1823 2480 cum
1850 2452 1953 2481 non
1980 2445 2176 2481 tantum
2215 2436 2618 2494 Droysenus¹²)
2656 2438 2707 2481 in

138 2499 355 2565 eleganti
390 2500 834 2560 commentatione,
888 2516 1036 2562 quam
1072 2502 1134 2547 de
1170 2502 1548 2564 Hermocopidis
1594 2502 1883 2564 nuperrime
1916 2503 2132 2565 scripsit,
2168 2500 2259 2546 sibi
2294 2516 2401 2546 eam
2434 2503 2707 2547 orationem

133 2582 421 2630 germanam
457 2565 720 2612 Andocidis
762 2567 919 2612 videri
960 2577 1009 2612 et
1046 2569 1296 2630 professus
1349 2578 1397 2612 et
1437 2569 1647 2628 probare
1700 2579 1905 2614 conatus
1946 2570 2032 2627 sit,
2090 2568 2177 2613 sed
2222 2568 2369 2611 etiam
2407 2569 2707 2614 Fredericus

132 2637 401 2692 Augustus
437 2634 551 2679 Wol
570 2632 778 2693 ius-¹³),
820 2636 1084 2693 Augustus
1107 2634 1504 2693 Boeckhiusu),
1540 2635 1788 2692 Georgius
1820 2634 2293 2691 Schoemannus1‘)
2331 2634 2559 2693 quotiens
2589 2635 2706 2681 huic

243 2785 293 2836 ¹)
329 2784 521 2825 Prooem.
542 2783 675 2826 lodic.
697 2783 837 2826 Schol.
857 2784 1056 2826 Univers.
1077 2786 1223 2825 Halan.
1247 2788 1347 2828 1835
1374 2808 1424 2815 --
1452 2788 1566 2828 1836.
1592 2800 1620 2839 p
1659 2789 1693 2828 1.
1713 2796 1802 2827 not.
1823 2789 1858 2829 3.
1879 2786 2298 2840 Allgem.Encyclop.
2321 2785 2362 2827 d.
2390 2787 2456 2828 W.
2483 2802 2526 2827 u.
2553 2787 2605 2828 K.
2638 2791 2705 2835 111,

126 2841 181 2888 7,
219 2837 259 2877 S·
280 2840 371 2879 177.
492 2840 542 2889 ⁹)
584 2840 696 2880 Leet.
724 2839 821 2892 Lys.
852 2852 889 2878 c.
911 2838 984 2879 VI.
1111 2841 1157 2892 ³)
1196 2838 1250 2878 ad
1276 2839 1433 2879 Thom.
1456 2840 1512 2878 M.
1542 2854 1584 2893 p.
1611 2841 1702 2883 810.
1732 2841 1776 2880 Β.
1899 2837 1951 2891 4)
1980 2840 2034 2878 ad
2057 2841 2240 2880 Moerid.
2266 2854 2302 2879 v.
2328 2847 2507 2884 ποειπεῖα
2543 2856 2587 2896 p·
2613 2846 2707 2885 332.

140 2894 190 2940 ⁵)
228 2904 271 2944 p.
298 2894 386 2933 131.
409 2889 477 2931 ed.
501 2890 654 2932 Reisk.
772 2894 824 2944 ⁶)
854 2892 1039 2933 Lection.
1072 2891 1286 2934 Andocid.
1312 2907 1353 2945 p.
1378 2896 1439 2934 17.
1467 2893 1491 2944 ς
1530 2896 1595 2935 99.
1632 2893 1834 2944 'hylen-i,
1862 2893 2112 2932 Ruhnkenii
2133 2904 2176 2934 et
2195 2883 2469 2935 Valcken‘arii
2504 2909 2552 2936 ea
2585 2893 2640 2937 de
2659 2910 2708 2936 re

131 2943 444 2996 disputationes
481 2943 744 2983 coniunctim
779 2944 921 2985 editae
959 2946 1162 2998 leguntur
1202 2948 1245 2985 in
1284 2945 1504 2985 Andokid.
1543 2961 1581 2985 v.
1617 2946 1674 2985 A.
1702 2945 1753 2986 G.
1774 2945 1935 2987 Becker.
1966 2960 2006 2998 p.
2049 2950 2098 2990 81
2145 2970 2195 2978 -
2241 2949 2330 2990 108.
2480 2951 2529 3000 ⁷)
2585 2949 2706 2991 Idem

129 2995 341 3036 iudicium
373 3006 436 3036 est
467 2996 521 3037 E.
551 2995 731 3045 Hepneri
760 2997 942 3051 praefat.
969 3000 1025 3038 ad
1052 2999 1165 3038 inter
1200 3009 1321 3039 retat.
1353 3000 1591 3038 Germanic.
1620 2999 1745 3039 huius
1770 2997 1974 3038 orationis
2004 2999 2227 3040 vratislav.
2262 3002 2375 3043 1824.
2401 3016 2500 3057 pag.
2530 3002 2601 3043 VI.

131 3050 186 3100 ⁸)
219 3050 262 3088 In
288 3047 556 3103 praefatione
578 3061 704 3102 quam
730 3049 1079 3103 interpretationi
1102 3052 1159 3091 Ga
1183 3052 1285 3092 lieae
1312 3051 1532 3105 praemisit
1572 3055 1716 3102 p.193.
1827 3052 1879 3102 ο)
1905 3066 1948 3105 p·
1969 3052 2006 3093 5.
2027 3053 2095 3093 Cf.
2121 3054 2249 3093 etiam
2272 3057 2321 3094 A.
2346 3055 2390 3093 L.
2410 3058 2454 3094 Z.
2480 3058 2596 3099 1827.
2622 3056 2706 3097 No.

132 3104 213 3145 118
241 3115 258 3141 s
293 3117 333 3155 q.
455 3102 532 3152 ¹⁰)
561 3101 727 3142 Hellen.
749 3102 931 3143 Alterth.
955 3108 1002 3154 1,
1028 3107 1078 3154 2,
1105 3108 1195 3148 190.
1308 3107 1381 3155 ¹¹)
1412 3104 1667 3145 Andokides
1698 3105 1912 3143 fiber-setar
1935 3104 2023 3144 und
2049 3107 2255 3147 erliiutert
2276 3122 2359 3147 von
2387 3106 2440 3149 A.
2467 3108 2514 3148 G.
2533 3108 2709 3149 Becker.

132 3155 261 3207 Qued
281 3157 437 3208 iuburg
465 3157 643 3209 1832.p.
680 3156 719 3196 4.
740 3168 784 3209 p.
813 3158 875 3197 13.
910 3168 999 3209 sqq.
1071 3158 1197 3198 Hunc
1229 3156 1323 3198 fere
1353 3158 1543 3210 sequitur
1577 3155 1726 3209 Antan.
1759 3156 2085 3198 Westermannus
2115 3159 2214 3200 hist.
2250 3161 2361 3214 eloq.
2426 3173 2536 3200 raec.
2571 3174 2613 3214 p.
2642 3164 2709 3205 66.

133 3211 203 3257 ¹²)
222 3222 264 3261 p.
281 3208 344 3251 41.
357 3207 644 3249 Rheinisches
654 3207 852 3249 Muscam
873 3208 941 3248 111.
959 3223 1002 3264 p.
1025 3212 1115 3253 199.
1226 3213 1293 3274 ¹³)
1324 3209 1379 3251 ad
1390 3210 1551 3264 Leptin.
1562 3209 1601 3261 §.
1622 3213 1709 3252 187.
1723 3224 1763 3263 p.
1778 3213 1871 3252 376.
1903 3233 1956 3240 -—
1984 3212 2145 3253 scholis
2165 3213 2307 3252 wolfli
2329 3215 2384 3253 de
2417 3215 2530 3253 ittet.
2554 3227 2709 3266 graec„

131 3273 236 3313 quas
259 3262 475 3302 Gnertleri
501 3261 612 3301 male
637 3258 788 3302 feriata
814 3261 1191 3319 industria'uuper
1211 3263 1372 3314 edidit,
1402 3265 1537 3305 sciens
1559 3262 1766 3314 abstineo,
1795 3264 1985 3304 manium
2015 3267 2266 3321 religionem
2297 3266 2531 3312 reveritus,
2573 3281 2710 3320 neque

131 3328 187 3352 ex
208 3314 260 3352 iis
275 3343 286 3361 ,
319 3328 430 3365 quae
448 3330 492 3371 p,
516 3315 605 3360 574.
626 3314 665 3356 le
698 3325 851 3361 untur,
878 3316 1072 3369 colligas,
1094 3318 1195 3367 quid
1214 3316 1388 3359 Wolfius
1402 3330 1451 3358 ea
1471 3329 1602 3371 super
1625 3317 1873 3371 quaestione
1891 3319 2101 3362 statuerit.
2188 3322 2262 3371 ¹⁴)
2294 3321 2394 3360 Oec.
2417 3320 2538 3360 Civil.
2559 3321 2713 3361 Athen.

134 3368 162 3406 1.
183 3366 274 3409 431.
301 3365 348 3404 ΙΙ.
373 3366 437 3408 16.
559 3369 634 3421 ¹⁵)
695 3382 718 3410 e
747 3368 893 3411 comit.
915 3369 1070 3411 Athen.
1091 3386 1132 3425 p.
1153 3371 1246 3414 248.

1965 3424 2046 3478 [¹⁸¹]
